2813 4694
318 168 405 282 '22
758 206 765 217 “
894 202 1528 279 ιιοεηοιιῐιιι
1535 123 2114 276 nominum-

325 394 548 474 theca,
604 392 880 484 (aliquot
937 390 1145 465 euim?
1167 396 1363 463 huius
1430 395 1766 482 scriptoris
1822 390 2210 461 veterfima‘s
2258 387 2677 458 membranas

326 495 419 562 ibi
464 499 716 562 servari
746 520 844 565 ex
882 497 1068 566 Viris
1110 496 1321 564 doctis
1358 498 1609 585 accepi)
1667 500 1810 563 sive
1846 490 2095 562 Alduni
2133 493 2500 560 Manufium
2542 492 2681 554 sint

327 601 571 677 secuti,
617 598 795 685 qued
832 598 993 665 mihi
1035 597 1493 665 confirmarunt
1545 600 1768 676 amici;
1823 599 1969 684 ipse
2021 598 2197 665 enim
2239 590 2568 661 Aldinum=
2595 590 2683 656 li·
2775 616 2776 623 ¹

325 696 761 765 hrum-adhuc
802 700 1122 787 inspicere
1163 701 1537 787 nowpotui.
1637 697 1962 788 Quicquid
2003 701 2126 777 sit,
2165 698 2468 785 optimae
2522 692 2684 758 huic
2775 722 2776 731 ¹

324 794 739 865 florentinae
770 794 1088 879 editioni,
1144 819 1335 889 quam
1374 802 1604 889 nuperi
1647 800 1966 879 editores,
2017 797 2238 887 quod
2255 795 2416 863 mihi
2455 792 2685 859 multis

324 911 579 965 constat
613 899 861 980 nebus,-
882 922 1033 966 non
1086 902 1430 983 viderunt,
1483 923 1808 993 quamque
1859 918 2004 966 oum
2059 894 2262 964 multa
2324 895 2457 962 alia
2507 914 2687 959 com-

327 1000 707 1080 mendant,
696 1015 849 1067 tum
890 1003 1063 1090 quod
1108 996 1455 1091 pleraeque
1500 1003 1807 1092 probatae
1847 996 2197 1079 lectiones,
2240 1018 2406 1087 quae
2446 999 2515 1061 in
2559 992 2685 1060 illa

327 1102 766 1188 reperiuntur,
790 1122 1004 1169 manu
1049 1098 1466 1170 exaratorum
1506 1102 1856 1181 librorum,
1898 1098 2130 1191 quibus
2161 1094 2574 1186 Bongarsius
2615 1106 2686 1161 et

327 1199 603 1267 Medius
650 1206 759 1269 usi
814 1218 999 1285 sunt,
1052 1208 1436 1273 auctoritate
1483 1195 1978 1284 confirmentur,
2032 1203 2388 1268 maximam
2431 1212 2684 1288 partem

331 1301 667 1383 debetur,
709 1304 883 1391 quod
939 1303 1067 1371 ista
1122 1307 1324 1373 editio
1380 1321 1601 1372 nostra
1654 1306 1803 1372 aliis
1859 1305 2094 1373 melior
2131 1316 2221 1370 et
2278 1296 2684 1367 emendatior

330 1402 625 1492 prodeat.
682 1404 805 1472 Ut
837 1394 994 1472 vero
1037 1411 1201 1474 ratio
1241 1421 1565 1473 constaret
1605 1430 1840 1474 eorum
1873 1429 2040 1495 quae
2093 1404 2376 1481 mutavi,
2445 1420 2684 1488 paucas

323 1502 673 1590 quasdam·
686 1505 900 1572 adieci
942 1521 1164 1589 notas,
1223 1508 1457 1597 quibus
1511 1506 1796 1574 breviter
1852 1509 2244 1631 mutationis.
2257 1520 2494 1631 ’causas
2533 1498 2686 1568 red·

326 1601 504 1685 didi,
548 1618 619 1671 et
637 1607 866 1673 fontes
907 1612 1154 1696 aperui.
1212 1636 1219 1643 ’
2537 1632 2544 1641 ·

454 1705 687 1773 Haec
768 1708 1211 1796 praefixerant
1288 1709 1597 1790 editioni,
1691 1731 1886 1799 qnam
1966 1730 2135 1775 anno
2210 1704 2405 1772 huius
2477 1701 2686 1769 seculi

328 1803 652 1872 vam.
702 1808 1096 1896 publicatam
1151 1811 1440 1881 Traiecti
1495 1826 1775 1879 nostrae.
1856 1812 2015 1877 Post
2069 1796 2193 1902 hoe
2238 1822 2491 1896 tempus
2545 1827 2688 1870 cer-

332 1912 518 1974 tatim
588 1908 747 1973 clari
819 1909 1119 2001 doctique
1193 1913 1490 1981 homines
1559 1916 1777 1980 varias
1849 1911 2025 2002 apud
2095 1925 2322 1999 gentes
2410 1904 2686 1973 multum

332 2010 536 2076 studii
588 2026 939 2098 posuerunt
996 2015 1064 2077 in
1119 2013 1504 2082 illustrando
1577 2014 1845 2080 Iustino.
1965 2012 2042 2078 Iu
2102 2010 2338 2078 Gallia.
2383 2013 2483 2076 vir
2551 2007 2691 2076 ele-

334 2112 559 2197 gantia
620 2112 870 2198 inge'nii
943 2126 1007 2179 et
1072 2113 1406 2180 doctrinae
1481 2120 1669 2205 copia
1737 2118 2053 2203 insignis,
2133 2112 2457 2200 mihique,
2538 2132 2686 2176 cum

187 2246 197 2257 ·
335 2224 745 2332 superesset,
785 2215 1064 2294 amicus,
1123 2228 1188 2281 et
1233 2239 1484 2282 summe
1542 2220 1758 2297 carus,
1815 2213 2239 2304 Tanaquillus
2281 2212 2529 2292 Faber,
2590 2213 2689 2276 in-

335 2316 562 2400 primis
622 2316 955 2402 egregiam
1023 2318 1083 2382 ei
1143 2322 1410 2387 navavit
1462 2341 1726 2407 operam
1781 2319 1851 2383 in
1900 2316 2187 2383 editione
2235 2313 2686 2390 salmuriensi,

337 2436 528 2502 quam
572 2437 741 2480 anno
782 2414 1041 2484 LXXI.
1081 2420 1462 2500 adornavit,
1515 2417 1718 2486 multa
1771 2417 1921 2484 labe
1988 2416 2281 2498 detersa,
2338 2428 2434 2514 et
2460 2414 2689 2481 obscu-

336 2515 615 2580 rioribus
654 2515 816 2583 locis
861 2518 1064 2585 multa
1102 2520 1271 2587 luce·
1289 2521 1622 2640 perfusis.
1689 2519 1766 2585 In
1813 2519 2162 2586 Germania
2196 2516 2476 2582 Ioannes
2518 2513 2690 2579 Vor-

339 2618 523 2696 stius,
566 2620 766 2683 variis
796 2619 1117 2686 eruditis
1099 2625 1345 2706 ingenii
1373 2626 1805 2688 monumentis
1840 2619 2136 2698 celebris,
2169 2639 2336 2683 anno
2363 2613 2688 2683 LXXIII.

338 2715 654 2783 Iustinum
698 2724 1085 2789 ornatiorem
1127 2723 1395 2811 Lipsiae
1439 2726 1628 2788 iussit
1665 2727 1733 2788 in
1774 2721 2102 2812 publicum
2149 2724 2360 2786 exire.
2443 2718 2520 2784 In
2563 2740 2688 2809 quo

342 2816 717 2900 desideres,
759 2823 933 2909 quod
975 2823 1280 2890 meliores
1323 2821 1670 2905 lectioneS,
1725 2831 1893 2913 quas
1951 2829 2065 2889 e'x·
2097 2822 2355 2888 Iuntina
2415 2843 2547 2886 non
2589 2833 2691 2887 so·
2738 2883 2751 2898 ,

341 2918 479 2985 lum
532 2922 906 3003 attuleram,
958 2923 1077 2992 sed
1119 2938 1185 2991 et
1217 2931 1685 3010 asserueram,‘
1721 2937 1788 2990 et
1827 2928 1918 2990 in·
1949 2938 2326 2990 contextum
2385 2923 2691 2990 editionis

340 3042 530 3087 meae
557 3021 776 3092 deleta
805 3023 1133 3090 maculosa
1162 3029 1500 3114 scriptura,
1540 3047 1935 3113 receperam,
1976 3023 2201 3090 laudat
2232 3024 2565 3112 quidem'a
2589 3047 2690 3091 me

340 3122 663 3212 prolatas,
717 3126 837 3192 sed
894 3125 1020 3191 sibi
1072 3127 1397 3208 vindicat,
1458 3126 1728 3215 perinde
1781 3148 1858 3192 ac
1915 3129 1978 3192 si·
2031 3148 2070 3190 a
2099 3130 2376 3192 ¹nemine
2413 3125 2694 3193 fuissent

334 3237 495 3290 ¹ante
539 3228 887 3314 probatae,
940 3226 1165 3293 crebro
1222 3233 1292 3295 in
1346 3233 1433 3296 iis
1486 3228 1899 3294 adstruendis
1956 3249 2115 3293 usus
2157 3230 2322 3294 meis
2366 3227 2695 3317 exemplis

340 3342 412 3394 et
446 3329 824 3396 rationibus.
905 3326 1041 3395 Sed
1083 3332 1232 3410 viri,
1276 3334 1385 3418 qui
1428 3328 1675 3395 dudum
1715 3352 1752 3395 θ
1792 3331 1979 3394 vivis·
2007 3332 2325 3410 excessit,
2370 3329 2519 3396 aliis
2563 3353 2699 3396 rae-

341 3432 487 3496 ritis
528 3430 693 3496 haec
735 3429 1021 3497 levicula
1064 3429 1442 3497 donentur..
1486 3428 1629 3496 Nec
1683 3451 1829 3498 cum
1885 3434 2229 3519 superstite
2289 3431 2560 3526 quidem
2613 3431 2700 3497 de

322 3531 449 3597 his
492 3530 883 3597 contendere
927 3530 1163 3611 velim,
1228 3554 1353 3597 ιιθο
1408 3554 1552 3597 cum
1600 3541 1919 3622 quoquam
1961 3531 2130 3598 alio..
2197 3531 2511 3599 Triennio
2547 3548 2703 3622 post

345 3633 627 3698 Ioannes
673 3632 1080 3715 &heffa-us,
1124 3636 1227 3700 vir
1265 3631 1762 3714 celeberrimus,
1805 3632 2005 3699 decus
2046 3634 2472 3716 Germaniae,
2532 3659 2701 3727 quae

347 3733 595 3814 edidit,
656 3748 723 3801 et
763 3733 1076 3816 Sueciae,
1132 3758 1297 3823 quae
1353 3735 1554 3814 fovit,
1627 3736 1738 3822 qui
1797 3748 1863 3799 et
1917 3737 2061 3823 ipse
2118 3739 2307 3803 vivus
2363 3736 2522 3802 mihi
2573 3735 2703 3804 fuit
2775 3763 2776 3804 ὲ

345 3824 943 3917 coniunctissimus,
984 3848 1131 3924 post
1168 3850 1268 3902 tot
1303 3834 1466 3902 alias
1508 3833 1970 3924 pulcherrimas
2010 3836 2521 3921 lucubrationes,
2567 3845 2706 3932 qui·
2775 3843 2776 3856 ¹

343 3938 468 4005 bus
508 3962 646 4005 rem
702 3938 1083 4040 litterariam
1136 3938 1264 4005 sibi
1309 3940 1639 4016 devinxit,
1691 3935 2018 4003 Iustinum·
2064 3963 2348 4028 qnoque·
2372 3964 2493 4007 sua
2553 3965 2708 4013 eura
2775 3999 2776 4004 ,

346 4040 652 4128 dignatus
705 4052 838 4120 est,
913 4065 1103 4133 quem
1160 4041 1525 4126 Hamburgi
1593 4039 2265 4107 animadversionibus
2320 4045 2703 4110 instructum

348 4165 521 4213 anno
563 4141 955 4212 LXXVIII.
998 4143 1311 4232 vulgavit.
1393 4142 1618 4208 Meam
1663 4140 2016 4207 editionem
2056 4163 2186 4207 nou
2215 4144 2482 4210 ‘videtur
2524 4142 2558 4209 ὃ
2588 4161 2706 4226 μα-

349 4254 602 4337 καρίτης
658 4237 943 4330 νῖἰιίὶεεθ,
998 4249 1117 4317 sed
1170 4257 1284 4338 aut
1339 4242 1518 4313 solas
1555 4254 1777 4337 notas,
1824 4263 1986 4328 quas
2036 4241 2278 4310 Daniel
2334 4244 2708 4313 Elzevirins
