2813 4694
275 234 406 319 436
497 204 528 273 ·.
781 224 1105 295 noc‘r.
1142 225 1394 309 nom.
1437 166 2147 339 οᾳΜΜΕΝιΑιι.

450 422 499 484 F
502 436 701 481 asum:
746 435 1001 481 camon.
1085 421 1181 479 An
1239 420 1475 495 scripsit
1525 417 1771 494 fraude
1829 418 2151 505 deceptos?
2230 416 2470 481 Saltem
2530 424 2690 483 illud

287 518 500 588 captos
529 498 614 565 ita
644 504 820 564 debet
858 505 1134 582 intelligi,
1179 523 1289 563 nec
1332 505 1406 561 ad
1450 519 1701 578 sequens
1744 502 1919 563 trahi.
1962 502 2229 563 Scncrr.
2266 536 2356 551 --
2396 505 2687 567 Oscitan—

285 603 382 650 ter
424 590 734 650 admodum
790 588 1119 647 Schefferus
1164 589 1415 647 coniicit
1469 588 1783 667 legendum
1823 589 2065 661 fraude
2119 590 2437 669 deceptos,
2492 608 2683 666 quum

199 704 214 717 2
295 678 410 735 isto
451 694 627 734 sensu
666 677 909 732 alteram
952 674 1265 730 dictionem
1308 691 1508 730 rursus
1538 672 1850 729 habeamus
1879 690 2002 746 cap.
2037 676 2458 753 praecedente.
2508 675 2685 736 Tunc

280 762 547 841 primum
579 757 903 825 Phocenses
949 767 1146 832 captos
1179 775 1245 815 se
1284 756 1491 815 fraude
1534 754 1801 836 Philippi
1839 758 2401 830 animadvertentem,
2443 761 2688 840 trepidi

291 845 379 903 ad
414 862 590 901 arma
639 842 1017 917 confugiunt.
1077 850 1138 897 et
1182 840 1281 897 lib.
1331 840 1446 900 XV
1450 838 1555 899 111.
1606 840 1673 900 6.
1728 838 1865 897 Hoc
1908 841 2039 897 dolo
2088 851 2293 915 capta,
2338 844 2443 901 diu
2486 845 2688 903 Acer-

292 928 405 986 bae
455 928 581 986 viri
630 926 917 984 nomiae.
960 965 980 983 .
1024 927 1298 983 invocato
1358 935 1476 983 ete.
1572 922 1674 982 Sic
1735 923 1969 998 Nepos,
2028 923 2381 999 Sallustius,
2429 928 2679 1003 aliique.

291 1009 923 1154 ἮΟΡΞΕΝΒΑΒΜΒΑΜ.
1007 1088 1244 1150 Iuntae
1273 1100 1335 1150 et
1387 1089 1484 1150 hic
1544 1099 1606 1149 et
1664 1086 1889 1150 xvn.
1914 1092 1982 1153 3.
2066 1089 2437 1171 Arryatbam.
2539 1094 2679 1154 Hoc

245 1216 254 1223 ·
293 1175 637 1238 Plutarchus
706 1176 769 1234 in
827 1176 1159 1234 Alexandro
1231 1176 1428 1234 fratris
1497 1174 1858 1255 Olympiadis
1929 1194 2146 1234 nomen
2215 1178 2395 1236 fuisse
2467 1181 2681 1240 tradit.

295 1262 531 1321 (ἔικεν.
571 1290 657 1304 --
696 1258 845 1317 Vide
910 1259 983 1316 de
1040 1258 1153 1317 hoc
1211 1278 1386 1334 supra
1439 1257 1564 1335 ῩΙΙ.
1627 1258 1686 1321 6.
1748 1262 1847 1320 11.
1908 1278 1983 1319 ex
2043 1275 2158 1334 quo
2217 1262 2347 1320 loco
2406 1275 2677 1339 apparet,

293 1348 524 1422 nuptias
565 1339 995 1419 Philippi'cum
1036 1343 1379 1422 Olympiade
1423 1363 1553 1402 eum
1598 1345 1958 1402 conciliasse.
2004 1342 2235 1414 vom.

460 1426 522 1491 5.
606 1432 1036 1487 Αιειιιιηυιιυιι
1094 1433 1453 1487 Ριιιιᾶιοιιυιι.
1556 1428 1857 1495 Quomodo
1912 1428 2173 1504 Arrybae
2230 1429 2531 1509 privignus
2586 1433 2669 1491 sit

302 1494 669 1585 Alexander,
712 1531 833 1569 non
868 1511 1060 1570 video.
1144 1510 1304 1592 Lege
1348 1528 1498 1587 quae
1539 1514 1740 1570 notavi
1779 1513 1851 1569 ad
1892 1510 2151 1570 XXVII.
2198 1514 2257 1575 3.
2298 1514 2359 1574 9.
2420 1526 2481 1572 et
2521 1514 2672 1574 Dio-

295 1597 502 1657 dorum
542 1597 644 1654 sub
702 1615 854 1653 anno
900 1593 1080 1653 xlx.
1135 1595 1446 1655 Bonosus.
1486 1628 1574 1639 —-
1615 1595 1973 1675 Olympiadis
2017 1598 2219 1655 uxoris
2258 1596 2505 1675 Philippi
2550 1600 2673 1659 fra-
2752 1642 2757 1651 .

291 1693 448 1755 trem
487 1690 662 1740 vocat
703 1680 944 1738 Orosius
988 1677 1089 1737 ΙΙΙ.
1137 1674 1232 1740 14.
1315 1679 1583 1738 BERNEc.

463 1766 523 1826 6.
611 1763 899 1829 omnique
942 1779 1163 1822 srnmo
1209 1779 1659 1823 sor..11c1'1·a'1·um
1702 1779 1813 1822 31³1:
1855 1779 2067 1837 anam,
2111 1779 2415 1825 διιιυιΔτο
2456 1784 2672 1827 amona·

216 1921 224 1927 ‚
297 1866 380 1910 sn
425 1864 640 1908 srurm
683 1838 1191 1932 consuerumqan
1225 1864 1541 1906 PERPUMT.
1586 1846 1752 1911 Haec
1789 1867 1907 1909 non
1937 1850 2216 1908 videntur
2257 1862 2421 1910 recte
2461 1851 2673 1911 distin-

296 1937 420 2015 gui.
504 1933 655 1995 Nam
695 1932 1002 1991 verborum
1042 1935 1285 1990 istorum
1319 1951 1557 2004 sensus,
1600 1934 1753 1990 sicut
1794 1951 1951 1990 nunc
2007 1953 2073 1991 ee
2134 1932 2387 2009 habent,
2444 1936 2494 1993 is
2559 1947 2672 2009 est,

300 2020 467 2093 quasi
523 2016 818 2092 Philippus
871 2018 1232 2075 simulaverit
1284 2035 1559 2074 amorem.
1660 2018 1865 2090 Atqui
1892 2019 2052 2075 nulla
2109 2020 2171 2075 in
2227 2017 2492 2095 Philippo
2553 2020 2674 2079 fuit

299 2103 628 2174 simulatio,
667 2102 773 2159 sed
811 2120 877 2159 re
916 2119 1058 2159 vera
1095 2103 1438 2200 perditoque
1480 2102 1664 2175 ipsum
1709 2103 1945 2161 amavit.
2050 2100 2251 2175 Itaque
2289 2105 2458 2165 locus
2498 2115 2667 2162 totns

298 2189 387 2245 ita
426 2185 904 2264 distinguendus.
947 2187 1215 2263 omnique
1257 2184 1454 2244 studio
1510 2184 1933 2258 sollicitatum,
1993 2203 2097 2264 spe
2148 2188 2327 2261 regni
2372 2189 2668 2247 simulato

301 2290 535 2342 amore,
580 2270 664 2328 ad
701 2272 905 2349 stupri
944 2270 1421 2329 consuetudinem
1450 2269 1746 2349 perpulit.
1831 2268 2155 2327 Sententia.
2207 2270 2462 2342 perpulit
2512 2260 2662 2329 euin

297 2351 671 2413 sollicitatum
716 2355 874 2411 omni
906 2354 1108 2412 studio
1148 2353 1224 2411 ad
1270 2356 1749 2413 consuetudinem
1790 2356 2003 2429 stupri,
2059 2353 2155 2428 qui
2197 2363 2260 2409 et
2296 2354 2421 2427 ipse
2461 2354 2654 2411 simn-

297 2442 526 2498 laverat
569 2458 633 2497 se
677 2456 873 2496 amare
909 2435 1274 2512 Philippum,
1330 2440 1467 2511 quia
1507 2449 1843 2512 speraverat
1883 2438 1985 2495 hoe
2022 2436 2189 2494 modo
2228 2455 2473 2516 regnum
2513 2456 2659 2495 sese

299 2525 678 2599 adepturum,
718 2542 846 2580 eam
895 2524 1052 2579 enim
1095 2540 1258 2597 spem
1301 2521 1597 2597 Philippus
1656 2524 1767 2597 ipsi
1827 2524 2057 2580 fecerat.
2156 2519 2289 2578 Nisi
2344 2523 2513 2578 malis
2578 2540 2665 2582 ex

297 2607 424 2667 MS.
460 2626 562 2682 pro
605 2607 883 2665 simulato
928 2607 1127 2685 legere
1178 2607 1517 2678 stimulato,
1574 2608 1740 2683 quasi
1798 2606 2088 2682 Philippus
2144 2606 2533 2664 stimulaverit
2594 2616 2663 2664 et

300 2692 635 2750 accenderit
674 2710 805 2747 eum
853 2691 926 2748 ad
968 2709 1260 2761 amorem,
1305 2690 1441 2748 dum
1480 2708 1641 2765 spem
1684 2692 1741 2748 ei
1780 2692 1933 2749 facit
1963 2692 2168 2770 regni3
2205 2691 2363 2765 quod
2402 2691 2661 2748 fortasse

301 2777 597 2851 optimum.
686 2769 1023 2851 Quanquam
1063 2793 1140 2832 ne
1184 2775 1288 2832 sic·
1325 2774 1561 2848 quidem
1614 2775 1912 2834 distinctio
1962 2795 2084 2834 non
2143 2776 2224 2833 sit
2278 2776 2659 2834 immutanda.

298 2858 561 2920 Scnssrr.
604 2888 686 2903 —
729 2860 938 2939 Angli,
981 2861 1044 2916 in
1080 2876 1242 2937 spem
1284 2862 1478 2936 regni.
1570 2858 1846 2917 Praefero
1903 2860 2224 2938 vulgatam.
2320 2859 2449 2919 Nec
2506 2862 2661 2917 eni-1

300 2944 616 3003 cohaerent
677 2942 858 3015 bene,
912 2943 1284 3000 sollicitatum
1353 2945 1416 3000 in
1458 2957 1655 3017 spem,
1709 2945 1964 3019 perpulit
2025 2944 2100 3004 ad
2160 2944 2658 3003 consuetudinem.

298 3028 470 3086 Aliud
512 3030 825 3087 sollicitare
867 3027 930 3084 in
965 3041 1161 3101 spem,
1209 3035 1270 3083 et
1312 3045 1542 3085 rursum
1583 3029 1740 3085 aliud
1783 3030 2105 3102 perpellere
2163 3029 2238 3087 ad
2285 3028 2659 3088 consuetudi-

294 3132 452 3194 nem.
536 3111 831 3171 Posterius
870 3119 1099 3169 tantum
1139 3113 1280 3169 fecit
1318 3111 1631 3188 Philippus.
1732 3111 1931 3170 Altero
1988 3130 2128 3169 usus
2190 3123 2280 3171 est
2322 3122 2552 3171 tantum
2588 3122 2659 3169 ut

295 3198 686 3255 instrumento
728 3207 789 3254 et
828 3197 1019 3254 medio
1057 3197 1432 3273 perveniendi
1462 3198 1535 3255 ad
1577 3198 1929 3271 propositum
1969 3214 2227 3272 scopum.
2270 3195 2535 3256 Senm-
2578 3225 2667 3238 -

299 3275 560 3352 Sensus,
599 3300 636 3337 a
681 3297 796 3355 quo
837 3282 1156 3338 miserrime
1197 3280 1489 3340 aberravit
1528 3279 1894 3353 Schefferus,
1936 3279 2032 3339 hic
2073 3293 2209 3362 est,r
2256 3292 2325 3339 ut
2366 3279 2663 3354 Philippus

294 3365 685 3424 Alexandrum
729 3366 888 3423 omni
927 3365 1124 3423 studio
1160 3382 1263 3439 per
1302 3374 1465 3442 spem
1503 3366 1677 3444 regni
1719 3365 1832 3423 sibi
1872 3366 2308 3437 conciliaverit,
2361 3366 2669 3423 simulato-

299 3464 413 3525 que
445 3467 647 3506 amore
675 3449 748 3506 ad
783 3451 967 3524 stupri
1008 3450 1487 3508 consuetudinem
1527 3451 1863 3525 perpulerit,
1905 3451 2124 3510 manra
2170 3452 2234 3507 in
2275 3466 2346 3506 eo
2389 3448 2674 3523 obsequia

295 3532 636 3604 habiturus,
681 3535 806 3591 sive
842 3536 1014 3614 regni
1059 3533 1377 3606 beneficio,
1416 3537 1540 3591 sive
1582 3536 1974 3591 conscientiae
2017 3535 2256 3624 pudore.
2336 3532 2475 3592 Non
2517 3533 2673 3590 mule

201 3669 218 3682 ,
269 3626 496 3675 'antem
533 3619 828 3692 coniicias,
857 3619 1223 3677 solicitatum
1262 3633 1368 3697 spe
1405 3620 1584 3696 regni
1618 3638 1693 3675 ac
1729 3618 2009 3677 simulato
2039 3619 2262 3690 amore,
2290 3619 2376 3677 ad
2412 3634 2467 3675 s.
2508 3637 2563 3675 c.
2595 3635 2668 3697 p.

295 3701 414 3759 Sed
451 3703 680 3759 mallem
722 3721 854 3770 eum
905 3702 996 3759 ed.
1039 3711 1240 3760 vetere
1280 3713 1340 3759 et
1382 3702 1720 3776 quibusdam
1763 3699 1932 3760 MSS.
1978 3703 2347 3761 solicitatam
2389 3704 2455 3760 ia
2495 3719 2663 3782 spent

292 3787 504 3865 regni,
545 3783 825 3845 simulato
867 3806 1068 3846 amore
1109 3789 1194 3846 ad
1226 3805 1274 3843 e.
1316 3806 1365 3843 c.
1400 3805 1472 3866 p.
1531 3796 1599 3843 ut
1640 3784 1740 3844 lib.
1785 3785 1859 3844 ΙΙ.
1903 3781 2000 3846 14.
2078 3785 2473 3858 Athenienses
2518 3805 2667 3864 qao·-

293 3887 406 3948 que
447 3872 508 3928 in
548 3888 709 3945 spem
744 3874 923 3950 pacis
964 3874 1406 3948 amicitiamque
1447 3873 1612 3948 regis
1652 3871 1948 3946 sollicitat.
2043 3868 2125 3927 Et
2163 3869 2360 3928 Livius
2400 3868 2669 3929 xxvss.

291 3953 392 4015 38.
475 3951 633 4016 Neve
663 3956 980 4015 Etruriam
1035 3965 1293 4015 erectam
1358 3958 1423 4012 ἱιι
1476 3973 1637 4029 spem
1706 3964 1922 4014 reram-
1959 3971 2245 4012 novaram
2295 3945 2667 4014 sollicitaret.

293 4037 396 4097 Sic
435 4041 572 4112 ille,
616 4040 668 4098 si
707 4051 869 4098 recte
909 4042 1186 4113 memini,
1227 4042 1403 4098 etiam
1445 4029 1602 4099 alibi.
1706 4038 1922 4097 Confer
1963 4040 2137 4096 etiam
2182 4037 2282 4096 lib.
2320 4038 2564 4097 xxm.
2606 4035 2669 4099 4-

296 4118 585 4201 Omnique
626 4125 826 4183 stadio
870 4125 943 4182 ad
989 4142 1149 4199 spem
1191 4126 1570 4195 maiestatis,
1610 4143 1768 4202 quae
1794 4123 2317 4201 promittebatur,
2368 4119 2671 4183 ἱππίδια.

286 4202 628 4271 women.
665 4237 751 4251 —
788 4208 880 4266 lta
910 4206 1226 4266 Cornelius
1260 4209 1455 4284 Nepos
1501 4208 1749 4268 Pausan.
1792 4224 1918 4281 cap.
1961 4208 2022 4267 3.
2088 4204 2222 4265 Hos
2266 4226 2502 4287 quoque
2544 4208 2673 4266 sol-

155 4307 164 4314 ·
279 4285 527 4349 licitare
595 4307 704 4370 epe
767 4291 1077 4354 libertatis
1134 4294 1619 4356 existimabatur.
1728 4291 1888 4352 Med.
1956 4289 2139 4371 Magi.
2200 4288 2345 4351 Coll.
2400 4291 2482 4354 N.
2539 4312 2668 4354 sec.
