2813 4694
336 232 471 304 12·
594 174 605 193 ‘
711 234 718 241 ·
819 221 1433 293 DocT.HoM.
1488 212 2180 295 COMMENTAR.
2272 192 2281 203 ’
2407 236 2410 243 ·
2559 195 2676 263 -x'

290 478 299 495 ,
341 419 548 495 incipit
564 422 591 493 ς’
636 421 873 479 tametsi
934 418 1108 478 facile
1168 417 1298 474 aliis
1356 417 1656 492 particulis
1710 418 1940 488 variare
1992 421 2316 479 orationem
2355 423 2659 497 potuisset.

338 504 470 563 Hoc
529 503 701 561 modo
760 506 812 561 si
869 506 995 582 quis
1049 501 1222 559 bodie
1264 502 1631 577 loqueretur,
1690 503 1752 558 iu
1815 522 2097 562 summam
2151 504 2664 580 reprehensionem

262 602 269 608 ’
339 587 537 665 (quae
589 598 680 646 est
736 591 925 647 nostri
965 586 1183 645 saeculi
1225 586 1554 664 elegantia)
1599 586 1944 645 incurreret.
2031 588 2151 647 Sed
2196 592 2336 647 illuc
2377 602 2659 650 revertor.

214 738 221 745 ⁴
337 672 462 730 Lib.
499 671 633 732 XV.
676 693 763 748 ep.
796 671 854 733 4.
949 669 1202 746 Cumque
1253 679 1396 727 ante
1451 669 1766 728 adventum
1811 691 1998 731 meum
2053 675 2346 732 seditione
2407 678 2663 761 quadani

340 759 633 815 exercitus
679 767 837 814 esset
876 756 1213 833 dissipatus
1259 784 1341 797 —
1384 753 1650 830 reliquus
1695 757 1986 815 exercitus
2033 768 2191 815 esset
2225 760 2285 814 in
2320 756 2660 834 Lycaonia.-

336 832 422 901 Μ.
463 841 692 899 Anneio
747 840 947 915 legato
990 837 1316 916 imperavi,
1379 846 1449 895 ut
1490 854 1595 895 eas
1639 840 1890 915 quinque
1930 840 2202 899 cohortes
2247 841 2331 898 ad
2373 842 2660 920 reliquum

340 927 663 983 exercitum
710 923 985 993 duceret,
1041 930 1361 997 coactoque
1414 922 1476 977 in
1535 940 1714 978 unum
1773 922 1960 981 locum
2009 926 2284 981 exercitu
2331 935 2440 984 etc.
2510 926 2654 986 ibid.

337 1008 551 1087 Itaque
604 1007 927 1067 exercitum
982 1002 1133 1061 milti
1174 1005 1496 1063 ducendum
1531 1022 1655 1082 per
1702 1003 2122 1086 Cappadociae
2167 1011 2464 1086 regionem
2506 1029 2654 1080 eam,

338 1113 488 1172 quae
531 1088 790 1147 Ciliciam
849 1091 1221 1165 attingeret,
1268 1090 1509 1166 putavi.
1594 1085 1792 1159 Nam,
1844 1094 1904 1147 si
1944 1111 2032 1150 me
2076 1095 2136 1149 in
2173 1090 2431 1151 Ciliciam
2476 1094 2655 1150 demi-
2745 1116 2751 1121 ·

294 1228 299 1241 ,
335 1180 579 1244 sissent,
627 1170 891 1230 Ciliciam
931 1173 1179 1251 quidem'
1204 1174 1398 1251 ipsam
1427 1182 1691 1250 propter
1728 1176 1945 1232 montis
1985 1168 2206 1234 Amani
2234 1188 2511 1234 naturam
2537 1177 2655 1248 fa-

336 1259 449 1317 cile
484 1259 844 1341 tenuissem.-
891 1256 1041 1330 (duo
1088 1267 1231 1313 sunt
1269 1257 1423 1313 enim
1467 1256 1673 1313 aditus
1717 1259 1779 1314 in
1822 1255 2090 1317 Ciliciam
2129 1279 2204 1318 ea·
2245 1259 2458 1337 Syria3
2520 1280 2656 1338 quo—

334 1361 465 1400 rum
506 1352 757 1420 uterque
785 1343 1004 1420 parvis
1035 1340 1372 1418 praesidiis
1403 1349 1668 1419 propter
1711 1347 2034 1418 angustias
2067 1344 2392 1405 intercludi
2411 1354 2656 1423 potest:

334 1445 443 1484 nec
498 1435 592 1484 est
653 1425 969 1504 quidquam
1025 1422 1230 1481 Cilicia
1283 1434 1508 1498 contra,
1545 1422 1783 1499 Syriam
1809 1490 1814 1493 ,
1836 1428 2197 1503 munitiust)
2252 1429 2361 1486 sed
2411 1446 2501 1486 me
2544 1438 2652 1486 etc.

332 1508 461 1591 Lib.
492 1507 656 1567 xvi.
720 1527 810 1583 ep.
848 1510 945 1570 12.
1004 1507 1351 1586 Accepimus
1408 1507 1812 1582 conditiones3
1877 1513 1989 1570 sed
2043 1513 2171 1583 ita,
2235 1523 2304 1569 ut
2358 1522 2658 1570 removeat

319 1593 647 1673 praesidia
690 1612 765 1651 ex
805 1592 1127 1662 laisdocis,
1182 1610 1333 1669 quae
1373 1595 1726 1669 occupavit,
1782 1604 1852 1650 ut
1894 1597 2024 1654 sine
2069 1606 2227 1654 metu
2271 1596 2343 1654 de
2384 1596 2463 1653 iis
2506 1598 2656 1673 ipsis

334 1676 763 1734 conditionibus
818 1676 1044 1735 Romae
1094 1674 1355 1734 Senatus
1419 1674 1634 1735 haberi
1674 1679 1918 1756 possit:
1975 1681 2073 1737 sin
2131 1676 2330 1738 autem
2383 1678 2484 1737 ille
2528 1682 2655 1737 suis

334 1761 761 1819 conditionibus
807 1771 977 1820 stare
1018 1759 1314 1818 noluerit:
1359 1758 1568 1816 bellum
1598 1771 1896 1838 paratum
1937 1770 2067 1835 e'st,
2109 1763 2400 1822 eiusmodi
2436 1774 2658 1833 tamen,

334 1848 494 1924 quod
544 1849 845 1903 sustinere
895 1844 997 1902 ille
1039 1862 1155 1902 non
1183 1844 1428 1923 possit:
1473 1847 1847 1922 praesertim
1890 1865 2018 1903 cum
2057 1867 2099 1904 a
2138 1851 2265 1907 suis
2307 1846 2657 1905 conditioni·-

332 1929 440 1988 bus
497 1932 627 2007 ipse
667 1929 939 2006 fugerit.
1016 1927 1160 1986 lbid.
1221 1925 1433 1984 Adhuc
1488 1931 1772 1988 neminem
1829 1930 2128 2004 videram,
2185 1934 2289 2009 qui
2339 1943 2399 1989 te
2431 1942 2660 2010 postea

331 2014 594 2072 vidisset.
673 2013 837 2070 Orat.
880 2013 958 2070 ad
1000 2012 1258 2080 Quirites
1299 2019 1434 2085 post
1475 2011 1599 2068 red.
1677 2012 1760 2071 Ut
1797 2013 2122 2092 aliquando
2163 2015 2541 2090 perficeretur
2575 2046 2657 2059 —

220 2118 257 2139 ’·
330 2099 598 2174 perfecit.
685 2098 873 2175 Atque
923 2096 1070 2155 baec
1117 2114 1192 2153 ex
1236 2092 1519 2152 Cicerone
1563 2097 1739 2154 allata
1781 2101 2047 2174 exempla
2086 2099 2412 2157 sufficiant:
2456 2118 2660 2176 quam-

333 2178 504 2260 qussm
559 2183 756 2240 multis
807 2180 1066 2256 partibus
1119 2183 1284 2255 plura
1340 2197 1416 2236 ex
1455 2179 1586 2237 aliis
1629 2183 1753 2238 eius
1794 2183 2061 2256 operibus
2104 2185 2367 2259 proferre
2405 2202 2654 2259 possem.

332 2267 452 2325 Sed
495 2266 569 2325 ad
604 2268 748 2324 alios
778 2273 1060 2323 ‘auctores
1104 2264 1535 2342 transgrediar3
1577 2266 1637 2321 iu
1682 2265 1887 2343 quibus
1929 2270 2250 2344 principem
2282 2270 2472 2327 locum
2503 2268 2659 2326 obti-

330 2351 496 2410 nebit
522 2349 770 2422 Caesar,
812 2353 912 2428 qui
940 2350 1154 2408 talibus
1182 2347 1627 2424 repetitionibus
1657 2352 1896 2410 minime
1930 2353 2244 2411 abstinuit:
2284 2357 2446 2413 velut
2480 2353 2577 2411 lib.
2605 2354 2654 2411 1.

332 2437 406 2494 de
447 2437 601 2494 bello
645 2436 795 2494 Gall.
841 2454 968 2510 cap.
994 2432 1094 2497 48.
1166 2434 1385 2492 Eodem
1428 2433 1525 2491 die
1571 2446 1764 2493 castra
1792 2442 2096 2516 promovit
2124 2450 2184 2499 et
2214 2439 2469 2498 millibus
2496 2457 2659 2518 pas-

330 2539 501 2580 suum
558 2539 666 2579 sex
724 2542 765 2579 a
810 2520 1096 2579 Caesaris
1157 2519 1361 2576 castris
1405 2519 1513 2577 sub
1568 2532 1765 2579 monte
1808 2525 2091 2596 consedit.
2180 2520 2484 2600 Postridie
2524 2525 2659 2580 eius

331 2605 450 2662 diei
490 2616 750 2684 praeter
815 2615 1006 2663 eastra
1069 2603 1353 2662 Caesaris
1406 2621 1553 2662 suas
1603 2608 1809 2685 copias
1848 2609 2232 2678 transduxit,
2293 2620 2356 2666 et
2396 2607 2660 2665 millibus

316 2683 613 2769 pa'ssuum
656 2687 709 2745 11
750 2690 919 2748 ultra
963 2709 1089 2746 eum
1132 2697 1323 2745 eastra
1350 2688 1556 2765 secit‚·
1599 2709 1664 2747 eo
1704 2690 1984 2762 consilio,
2026 2694 2120 2749 uti
2138 2691 2458 2763 frumento
2499 2711 2661 2748 com-

327 2782 674 2850 meatuque,
713 2777 816 2851 qui
855 2793 931 2832 ea·
957 2771 1251 2850 Sequanis
1292 2783 1354 2830 et
1393 2772 1619 2831 Aeduis
1659 2784 2162 2853 supportaretur,
2210 2774 2527 2833 Caesarem
2565 2777 2664 2833 in-

294 2856 711 2941 itercluderet.
792 2857 892 2919 Ea·
950 2877 1015 2915 eo
1075 2858 1170 2914 ‹lie
1216 2857 1340 2913 «lies
1388 2859 1697 2914 continuos
1738 2856 1786 2912 V
1834 2855 2065 2915 Caesar
2093 2876 2216 2936 pro
2259 2862 2465 2916 castris
2508 2873 2663 2918 suas

327 2943 537 3019 copias
580 2942 899 3020 produxit.
941 2972 1023 2984 —-
1103 2941 1446 2999 Ariovistus
1502 2938 1597 2996 Itis
1639 2939 1902 2998 omnibus
1945 2937 2147 3000 diebus
2185 2944 2510 2998 exercitum
2559 2957 2666 3001 ca-

327 3027 465 3082 stris
504 3027 815 3082 continuit.
884 3022 1022 3102 Cap.
1047 3021 1147 3086 49.
1198 3023 1315 3083 Ubi
1340 3042 1467 3081 eum
1497 3026 1725 3080 castris
1749 3039 1813 3081 se
1840 3034 2044 3081 tenere
2072 3022 2300 3081 Caesar
2331 3024 2668 3102 intellexit,

325 3105 403 3167 sie
449 3110 677 3167 diutius
727 3123 1049 3168 commeatu
1081 3106 1542 3189 prohiberetur,
1591 3106 1762 3163 ultra
1803 3126 1931 3163 eum
1973 3108 2203 3180 locum,
2260 3115 2380 3184 quo*
2415 3109 2477 3164 in
2520 3110 2664 3169 loeo

334 3193 625 3269 Germani
664 3189 1094 3266 consederant,
1158 3193 1408 3251 circiter
1437 3206 1664 3268 passus
1707 3188 1826 3248 Dc
1861 3190 1935 3249 ab
1984 3192 2073 3250 eis
2114 3194 2344 3249 caetris
2382 3192 2664 3253 idoneum

325 3277 520 3334 locum
561 3276 784 3353 delegit
806 3317 824 3348 ,
884 3281 1127 3356 acieque
1187 3276 1426 3353 triplici
1477 3275 1768 3332 instituta
1811 3274 1896 3333 ad
1938 3293 2065 3333 eum
2103 3278 2295 3333 locum
2345 3279 2529 3334 venit.
2569 3309 2664 3324 -

326 3358 451 3420 Hic
480 3363 647 3424 locus,
675 3372 785 3418 etc.
846 3359 940 3419 De
964 3362 1119 3419 bello
1157 3362 1268 3418 civ.
1297 3358 1396 3417 lib.
1413 3356 1458 3416 1.
1490 3374 1613 3432 cap.
1645 3353 1746 3420 45.
1819 3356 1943 3418 Sed
1972 3356 2093 3419 IX.
2123 3361 2373 3438 legionis
2406 3362 2661 3435 milites,

329 3444 482 3505 elati
521 3445 759 3517 studio,
809 3445 945 3503 dum
979 3448 1215 3504 sarcire
1239 3451 1548 3520 acceptum
1580 3442 1996 3501 detrimentum
2027 3445 2259 3517 volunt,
2304 3455 2523 3503 temere
2564 3450 2662 3505 in-

326 3532 522 3588 secuti
545 3529 906 3607 fugientes,
949 3532 1011 3586 in
1053 3531 1247 3586 locum
1288 3528 1550 3603 iniquum
1573 3527 2093 3605 progrediuntur,
2139 3540 2199 3587 et
2239 3530 2344 3587 sub
2381 3540 2658 3602 montem,

316 3616 391 3671 -in
435 3633 543 3691 quo
589 3624 728 3671 erat
770 3613 1048 3694 oppidum
1074 3615 1344 3693 positum
1372 3606 1619 3681 Ilerda,
1664 3610 2000 3669 succedunt.
2085 3610 2251 3670 Hinc
2289 3631 2354 3674 se
2379 3616 2659 3692 recipere

326 3717 456 3755 cum
500 3696 756 3769 vellent,
795 3716 1009 3757 rursus
1051 3698 1149 3755 illi
1184 3715 1258 3754 ex
1288 3697 1420 3753 loco
1450 3695 1759 3773 superiore
1784 3706 2024 3754 nostros
2044 3693 2438 3777 premebant>
2462 3696 2658 3758 Prae-

326 3783 544 3859 ruptus
586 3783 747 3838 loeus
790 3793 959 3853 erat,
1012 3793 1267 3860 utraque
1310 3798 1386 3837 ex
1417 3788 1608 3856 parte
1637 3771 1950 3850 directus,
2006 3801 2081 3840 ac
2124 3793 2356 3842 tantum
2399 3784 2461 3838 in
2504 3782 2659 3840 lati-

327 3866 589 3924 tudinem
618 3866 913 3945 patebat,
969 3877 1038 3926 ut
1078 3878 1206 3925 tres
1250 3867 1588 3923 instructae
1627 3861 1899 3922 cohortes
1939 3883 2067 3922 eum
2107 3868 2298 3924 locum
2341 3864 2660 3942 explerent

323 3980 411 3995 —-
462 3950 539 4006 ab
594 3951 809 4028 oppido
871 3963 1069 4009 autem
1126 3949 1370 4009 declivis
1426 3948 1588 4004 locus
1645 3976 1734 3990 --
1785 3945 1894 4005 hoc
1920 3950 2317 4027 pugnabatur
2360 3951 2490 4006 loco
2538 3961 2657 4007 etc.

325 4033 492 4093 Haec
535 4050 612 4089 ex
654 4032 904 4093 Caesare
943 4034 1253 4093 sufficiant.
1339 4032 1535 4107 Nepos
1580 4032 1759 4088 etiam
1798 4033 1884 4088 sic
1923 4034 2229 4109 aliquoties
2271 4034 2496 4091 locutus
2543 4045 2659 4108 est,

324 4121 489 4177 velut
534 4119 596 4174 in
636 4117 813 4176 Arist.
854 4137 976 4194 cap.
1019 4121 1124 4177 ult.
1164 4138 1341 4202 quam
1393 4116 1580 4195 quod,
1642 4135 1773 4173 cum
1813 4119 1991 4174 tantis
2030 4115 2206 4175 rebus
2244 4117 2658 4195 praefuisset,

326 4206 389 4262 in
434 4211 598 4264 tanta
628 4215 1005 4283 paupertate
1045 4197 1319 4263 decessit.
1401 4199 1470 4258 In
1516 4200 1686 4258 Paus.
1727 4216 1850 4274 cap.
1883 4197 1942 4259 4.
2027 4199 2398 4275 Pausanias,
2439 4181 2514 4258 u?
2543 4222 2659 4260 au-

326 4289 519 4358 divit,
563 4285 863 4364 Argilium
903 4288 1251 4367 confugisse
1294 4290 1373 4345 in·
1402 4305 1612 4358 aram,
1639 4282 2029 4362 *perturbatus
2060 4303 2129 4343 eo
2163 4289 2325 4344 venit
2360 4316 2440 4329 —
2476 4295 2658 4344 tanto
