2813 4694
1957 130 1968 162 l
2011 162 2014 163 γ

662 274 783 345 nv
829 246 1263 345 msa-lm
1314 270 1523 383 Lm.
1567 274 1622 341 1.
1679 272 1891 342 cn.
1939 275 1993 341 1.
2417 284 2502 355 15

558 459 1423 596 COMMENTAR.
1509 515 1644 595 IN
1720 515 2090 631 ιιΒμι.

325 670 760 733 His-romanum
804 667 1303 729 ΡιιιιιΡΡιοιιωΜ.
1385 669 1644 737 Quarum
1677 661 2023 750 ἐπιγραφὴν
2062 690 2098 728 a
2132 669 2329 751 Trogo
2365 691 2494 731 esse

165 768 423 818 veterum
484 756 771 814 librorum
837 771 1153 813 consensus
1212 753 1425 831 arguit.
1517 751 1867 826 Philippicas
1924 764 2120 813 autem
2176 775 2356 833 quare
2404 758 2495 815 in-

164 843 496 917 scripserit,
538 838 779 898 difficile
822 850 912 896 cst
947 839 1239 897 iudicium.
1326 836 1476 894 Nam
1511 838 1663 894 velle
1698 855 1774 894 ex
1807 836 1916 896 hac
1947 838 2257 914 Epitoma,
2300 842 2373 899 «le
2404 843 2496 899 in-

159 937 330 1004 tegro
382 924 569 1004 Trogi
610 942 786 998 opere
830 924 1125 994 iudicare,
1166 922 1430 994 desipere
1484 930 1601 999 est:
1644 921 1728 977 ita
1767 918 2028 1002 Trogum
2075 924 2228 982 male
2263 927 2493 1000 accepit

152 1011 294 1083 hic,
338 1010 597 1087 quisquis
626 1009 759 1080 fuit,
800 1006 1085 1066 Iustinus:
1129 1007 1230 1081 qui
1267 1006 1403 1062 dum
1436 1022 1704 1063 resecare
1735 1008 1924 1081 cupit,
1970 1024 2119 1085 quae
2150 1028 2260 1067 nec
2287 1012 2495 1067 iucun-

152 1096 231 1153 da
266 1102 439 1151 erant
469 1103 530 1150 et
556 1094 797 1150 minime
830 1091 1196 1163 necessaria,
1240 1091 1522 1163 optimum
1557 1084 1823 1146 autorem
1855 1110 2087 1167 prorsus
2117 1095 2384 1165 evitavit,
2428 1104 2495 1150 ut

149 1188 331 1237 vetus
377 1182 551 1252 pocta
587 1178 860 1253 loquitur.
941 1174 1072 1254 Ego
1121 1174 1446 1248 putaverim
1477 1172 1854 1248 philippicam
1898 1175 2234 1257 historiam,
2292 1176 2494 1258 Trogo

149 1261 596 1321 Macedonicam
640 1280 803 1333 esse,
844 1262 1111 1335 princeps
1153 1276 1362 1332 nempe
1397 1257 1567 1315 huius
1600 1259 1790 1332 operis
1842 1271 2266 1340 argumentum.
2341 1261 2496 1321 Nam
2515 1261 2536 1278 ‘

151 1365 190 1404 a
231 1345 362 1404 vn.
404 1346 506 1404 lib.
539 1346 614 1403 ad
644 1343 803 1403 XLI.
837 1360 1084 1423 regnum
1117 1341 1560 1421 Macedonicum
1588 1342 1894 1402 describit:
1938 1348 2102 1403 cuius
2136 1364 2171 1402 a
2203 1345 2495 1421 Philippo,

152 1430 481 1489 Alexandri
519 1440 716 1504 patre,
773 1429 1029 1508 dignitas
1077 1428 1303 1501 coepit,
1345 1428 1430 1483 ita
1470 1435 1538 1483 ut
1581 1427 1641 1485 id
1691 1424 1990 1487 Graeciae
2032 1439 2093 1487 et
2132 1428 2318 1487 Asiae
2361 1451 2495 1491 cer-

74 1572 95 1599 s
150 1515 424 1584 vicibus,
479 1514 641 1573 velut
681 1516 884 1590 iugum
924 1507 1269 1581 servitutis,
1325 1514 1688 1589 imponeret,
1733 1522 1801 1569 ut
1844 1521 1996 1569 extr.
2047 1512 2149 1571 lib.
2177 1512 2276 1570 VI.
2320 1513 2496 1571 Iusti-

157 1616 305 1656 nus:
354 1607 416 1655 et
452 1617 585 1659 eum
614 1606 814 1654 auctor
843 1595 1223 1673 Prologorum
1254 1592 1532 1674 Magnum
1568 1605 1760 1652 vocat.
1846 1597 2008 1664 Quae
2041 1607 2240 1654 autem
2273 1596 2496 1674 Philip·
2521 1600 2544 1629 ⁸·

26 1735 36 1740 .
162 1684 298 1756 pico
332 1681 578 1755 imperio
609 1683 921 1755 praemisit,
965 1679 1218 1737 arbitror
1248 1697 1376 1736 esse
1392 1678 1610 1736 Mundi
1630 1681 1931 1757 origines,
1970 1698 2112 1757 quas
2142 1691 2286 1739 vett.
2313 1681 2494 1740 libro-

161 1784 302 1823 rum
329 1766 535 1823 titulus
565 1767 758 1824 iactat.
823 1762 1055 1824 Terrae
1087 1773 1284 1821 autem
1315 1764 1494 1833 situs,
1537 1780 1679 1838 quos
1708 1764 1912 1821 eadem
1943 1766 2252 1839 pollicetur
2284 1767 2493 1824 iuscri-

166 1850 314 1924 ptio,
349 1869 477 1906 esse
504 1850 913 1923 descriptiones
939 1848 1266 1927 regionum,
1295 1864 1442 1922 quae
1472 1847 1534 1904 in
1562 1844 1785 1904 lustino
1815 1848 1939 1905 fere
1964 1851 2181 1922 nullae,
2209 1851 2272 1907 in
2293 1847 2492 1931 Trogo

170 1934 505 2010 frequentes
541 1933 804 1991 fuerunt:
850 1942 919 1990 ut
945 1931 1206 1989 indicant
1234 1929 1503 2009 Prologi,
1547 1949 1689 2007 quos
1725 1950 1801 1988 ex
1831 1930 2330 2005 MSS-codicibus
2357 1953 2493 2010 pro-

165 2017 309 2075 duxi
348 2018 411 2075 in
462 2017 697 2075 luminis
741 2035 902 2074 oras.
994 2009 1330 2074 Φιλιππικοὶ
1372 2012 1734 2089 Theopompi
1779 2018 2034 2074 citantur
2076 2017 2150 2075 ab
2188 2019 2493 2077 Athenaeo

160 2094 410 2177 pas‘sim3
451 2100 656 2178 quibus
683 2100 987 2163 historiam
1017 2098 1269 2174 Philippi
1302 2097 1468 2156 libris
1495 2097 1678 2157 LVIII
1723 2103 2056 2175 complexus
2090 2105 2200 2176 est,
2238 2114 2306 2160 ut
2339 2100 2491 2162 Dio-

161 2186 338 2243 dorus
380 2186 566 2243 refert
603 2185 704 2242 lib.
736 2183 847 2247 xl.
934 2185 1202 2260 Quinque
1233 2194 1430 2241 autem
1463 2183 1639 2241 libros
1670 2202 1802 2241 eum
1831 2185 2147 2243 inseruisse
2178 2205 2214 2244 a
2240 2186 2494 2262 Philippi
2534 2248 2540 2259 ,

160 2269 405 2327 historia
440 2272 683 2342 alienos,
711 2269 866 2325 idem
878 2264 1170 2326 Diodorus
1186 2275 1390 2325 auctor
1409 2277 1519 2343 est,
1548 2287 1581 2324 e
1612 2267 1815 2343 quibus
1839 2279 1959 2327 tres
1979 2288 2075 2326 res
2094 2269 2322 2327 Siculas
2352 2291 2493 2329 con-

159 2342 446 2432 tinebant.
532 2355 669 2413 Non
712 2363 804 2410 est
835 2363 1029 2410 autem
1067 2352 1430 2427 aspernanda
1461 2351 1525 2409 P.
1561 2351 2189 2427 Pithoei'coniectura,
2229 2354 2494 2434 Trogum

163 2435 526 2514 Theopompi
565 2439 956 2496 aemulatione
999 2448 1175 2514 atque
1219 2438 1484 2511 exemplo
1517 2436 1790 2496 historias
1821 2457 1955 2496 suas
1971 2479 1991 2513 ,
2038 2448 2106 2495 ut
2140 2436 2492 2534 Demosthe-

158 2524 252 2580 nis
294 2522 374 2581 M.
420 2522 675 2581 Tullium
719 2522 1011 2579 orationes
1060 2539 1193 2578 suas
1236 2522 1297 2580 in
1324 2521 1675 2595 Antonium,
1715 2522 2065 2599 Philippicas
2106 2524 2490 2598 inscripsisse.

153 2606 470 2665 Bonosus.
511 2639 592 2651 —-
679 2605 970 2663 Observat
1003 2603 1427 2662 eruditissimus
1453 2617 1721 2664 notarum
1755 2607 2131 2687 Angliearum
2162 2619 2384 2682 auctor,
2423 2610 2490 2667 in

154 2690 501 2768 quibusdam
541 2688 713 2750 MSS.
760 2690 914 2769 legi:
973 2686 1394 2748 Historiarum
1431 2687 1905 2770 Philippicarum
1951 2702 2011 2751 et
2050 2693 2236 2749 totius
2284 2695 2493 2752 mundi

150 2777 492 2852 originum,
533 2785 593 2833 ct
636 2785 844 2834 terrae
886 2775 1043 2831 situs
1086 2791 1160 2830 cx
1195 2770 1390 2850 Trogo
1422 2771 1715 2853 Pompeio.
1793 2774 1975 2833 Plane
1999 2775 2163 2841 ,sicut
2198 2778 2488 2852 quondam

152 2857 274 2916 fuit
316 2859 505 2916 editus
545 2877 582 2916 a
626 2858 713 2917 Cl.
761 2857 1147 2917 Berueccero.
1232 2855 1317 2914 M.
1357 2854 1610 2916 Iuniani
1653 2855 2006 2933 praenomen
2039 2860 2149 2916 ¹alii
2190 2862 2487 2938 omittunt,

151 2949 221 3000 ct
249 2942 461 3001 lustini
490 2942 773 3026 vocabulo
818 2949 1111 3016 apponunt
1148 2957 1475 3020 cognomen
1519 2941 1567 2999 F
1566 2943 1823 3015 rontini,
1864 2944 1937 3000 «le
1969 2961 2082 3023 quo
2113 2944 2232 3003 iam
2266 2963 2304 3004 a
2339 2944 2488 3020 Vos-
2591 3017 2600 3024 ο

148 3027 246 3086 sio
279 3032 373 3086 est
403 3037 600 3094 actum
632 3028 695 3086 in
720 3043 896 3103 opere
927 3026 998 3083 de
1026 3023 1423 3110 scriptoribus
1449 3023 1694 3085 Latinis.
1765 3025 2030 3087 Scuzrr.

1118 3191 1385 3273 CAP.
1468 3193 1529 3269 1.

328 3328 387 3389 1.
444 3327 764 3389 Pmcn‘lo
808 3345 1032 3389 acaum.
1117 3328 1334 3388 Totum
1373 3330 1533 3388 hune
1571 3330 1765 3388 locum
1801 3333 2168 3407 transcripsit
2207 3335 2487 3414 Augusti·-
2525 3313 2538 3332 ⁴

147 3425 265 3469 nus
302 3409 403 3470 lv.
444 3413 510 3474 6.
566 3412 640 3471 de
681 3411 852 3471 civit.
892 3414 1024 3472 Dei.
1109 3411 1392 3490 Compara
1434 3412 1580 3472 haec
1625 3434 1757 3473 cum
1789 3417 1863 3473 iis
1881 3455 1903 3488 ,
1941 3435 2089 3493 quae
2127 3420 2297 3476 initio
2328 3419 2487 3478 Cati-

148 3496 357 3553 linarii
390 3494 722 3569 Sallustius,
756 3500 919 3556 cuius
950 3498 1272 3558 studiosum
1304 3499 1487 3556 fuisse
1513 3497 1816 3572 Iustinum,
1850 3508 1954 3557 aut
1985 3499 2245 3580 Trogum
2275 3505 2485 3578 ipsum,
2535 3533 2539 3542 ⁴

146 3588 214 3637 et
236 3578 337 3638 hie
367 3582 551 3653 locus,
586 3591 647 3640 et
674 3583 776 3639 alii
803 3585 946 3641 satis
971 3583 1264 3643 indicant:
1312 3593 1373 3641 et
1406 3601 1553 3660 quae
1581 3585 1642 3641 in
1673 3586 1955 3659 principio
1982 3584 2081 3642 lib.
2099 3586 2170 3643 11.
2202 3587 2275 3644 de
2307 3588 2482 3648 rebus

142 3662 479 3740 Scythicis,
522 3685 676 3743 quae
716 3670 876 3725 satis
911 3666 1146 3746 amplae
1170 3667 1644 3746 magnificaeque
1656 3669 1962 3741 fuerunt,
2005 3669 2210 3729 cadem
2237 3674 2484 3733 totidem

147 3747 350 3806 verbis
396 3750 471 3807 de
514 3748 963 3808 Atheniensibus
1004 3751 1333 3810 Sallustius.
1417 3750 1568 3810 Vide
1611 3753 1690 3810 ad
1726 3753 1881 3812 hunc
1917 3753 2107 3811 locum
2138 3754 2218 3813 M.
2249 3754 2486 3817 Cicero-

144 3849 290 3890 nem
318 3831 423 3891 111.
464 3834 539 3891 (le
568 3834 709 3915 Leg.
735 3835 799 3895 2.
840 3841 901 3893 et
932 3834 1006 3893 11.
1056 3835 1130 3893 de
1158 3836 1330 3895 Offic.
1364 3837 1460 3897 12.
1499 3837 1742 3894 Aristot.
1773 3836 1819 3894 Ι.
1861 3836 2033 3912 Polit.
2064 3840 2121 3899 1.
2159 3837 2349 3900 Tacit.
2377 3841 2483 3900 ΙΙΙ.

145 3917 360 3975 Annal.
396 3917 708 3978 Bonam.
748 3949 834 3963 -
915 3919 1093 3978 Arist.
1123 3917 1221 3978 IV.
1262 3920 1436 3977 Polit.
1479 3921 1539 3981 3.
1569 3923 1871 4000 primum,
1911 3926 2283 4002 maximeque
2330 3927 2483 3987 divi-

145 4019 288 4058 m
326 4021 595 4080 regnum.
641 4000 881 4063 Sallust.
926 4001 1096 4062 Catil.
1134 4005 1195 4065 2.
1232 4005 1288 4064 1.
1377 4004 1647 4064 Brenno.

316 4084 517 4146 Huius
557 4103 940 4147 missa-Aris.
1021 4086 1148 4148 MS.
1191 4085 1315 4146 Col.
1355 4086 1433 4146 N.
1480 4099 1695 4147 tantae
1733 4089 2093 4147 maiestatis.
2178 4088 2385 4151 Oxos.

315 4174 584 4228 Διιιιιτιο
627 4186 978 4230 rosunum.
1056 4172 1146 4230 Ea
1191 4183 1315 4244 est,
1359 4191 1491 4229 cum
1513 4175 1796 4249 potentia
1833 4189 1907 4229 cx
1936 4173 2107 4249 vulgi
2134 4174 2482 4233 adulatione

147 4256 488 4328 quaeritur.
548 4251 737 4320 „Infra
768 4255 938 4314 XIII.
984 4257 1044 4317 8.
1089 4259 1147 4319 2.
1216 4255 1310 4315 De
1351 4273 1468 4334 qua
1502 4265 1741 4333 questus
1767 4254 2006 4312 Sallust.
2051 4253 2219 4312 Catil.
2249 4255 2349 4317 52.
2377 4259 2480 4318 21.

154 4331 369 4397 Omnia
387 4373 435 4410 ,-
453 4339 680 4418 inquit,
716 4343 969 4400 virtutis
998 4344 1283 4421 praemia
1323 4340 1572 4400 ambitio
1597 4341 1897 4419 possidet.
1935 4337 2203 4397 Baaunc.
2243 4370 2324 4382 -
2382 4339 2481 4399 In·
