2813 4694
67 109 74 117 ’
222 98 382 229 72
600 172 607 175 -
868 133 1481 203 υοοΤοιιυΜ
1574 132 2098 205 ΗοΜιΝυΜ

301 319 528 387 folium
571 318 785 386 mimis
824 321 1022 409 vulgo
1068 318 1507 409 appellamus,
1549 320 1822 411 quatuor
1863 333 1929 387 et
1971 320 2466 410 quinquaginta:
2505 334 2697 403 quae

304 434 375 487 ut
413 420 612 487 nullis
657 423 943 485 numeris
986 425 1282 509 signatae
1325 435 1514 501 sunt,
1553 424 1646 488 ita
1687 421 1990 489 custodes
2031 422 2246 501 nulli,⁴
2283 417 2464 485 nulla
2506 414 2706 481 divi-

304 524 509 588 sionis
554 524 743 608 signa
785 522 855 585 in
903 524 1218 587 extremis
1262 522 1591 603 versibus,
1628 522 1808 588 nulla
1850 536 2171 601 commata
2210 540 2519 607 usquam,
2569 537 2706 581 ue-

305 646 441 710 que
475 620 819 700 semicola,
875 621 991 689 sed
1053 626 1275 687 edrum
1327 621 1472 689 loco
1527 570 1766 712 ubique
1823 623 1954 689 duo
2009 634 2281 710 puncta,
2339 629 2703 707 apparent.

306 723 530 789 Plures
570 722 892 816 editiones
934 720 1161 786 Iustini
1223 726 1583 810 principes,
1643 746 1810 812 quae
1866 723 2130 810 quidem
2183 745 2221 787 e
2279 717 2567 807 singulis
2609 715 2700 781 li-

197 903 207 911 ·
307 825 442 890 bris
482 826 769 911 scriptis,
819 820 942 885 hoc
982 821 1279 904 saeculo,
1333 823 1712 905 fluxissent,
1772 844 1981 917 neque
2025 819 2250 887 videre
2293 819 2494 886 nobis
2530 838 2700 882 cou-

309 926 488 1011 tigit,
543 944 754 1011 neque
811 923 893 988 ab
934 921 1082 988 aliis
1123 870 1306 990 Viri’s
1346 924 1556 991 doctis
1599 925 1923 991 consultas
1966 946 2111 993 esse
2161 925 2424 988 scimus.
2510 916 2696 984 Nan

310 1039 582 1115 quatuor
618 1021 773 1087 illae
812 1021 1112 1089 Venetae
1130 1024 1221 1109 ),
1278 1048 1444 1113 quae
1502 1047 1543 1089 a
1580 1025 1861 1092 Metario
1920 1034 2542 1100 commemorantur,
2606 1040 2691 1084 aa

312 1126 441 1189 sint
483 1123 877 1210 principibus
914 1126 1461 1205 annumerandae,
1502 1124 1760 1192 definiri
1803 1129 1982 1213 prius
2017 1146 2144 1211 non
2190 1126 2448 1211 poterit,
2491 1140 2690 1209 quan

310 1224 553 1288 fuerint
606 1245 750 1287 cum
809 1217 1133 1311 prioribus
1191 1224 1545 1312 diligenter
1602 1240 2033 1315 comparatae.
2107 1224 2182 1290 id
2235 1222 2409 1311 quod
2470 1236 2542 1288 et
2602 1220 2689 1286 de
2777 1294 2778 1297 Ἴ

312 1322 792 1390 Mediolanensi
812 1327 1024 1390 :tertia
1068 1326 1421 1391 tenendum
1463 1338 1599 1405 est,
1655 1350 1822 1415 quae
1877 1347 2047 1392 anno
2106 1321 2395 1391 secundo
2437 1319 2693 1388 saeculi

314 1426 491 1489 sexti
537 1422 770 1490 decimi
811 1429 1060 1495 maiore
1100 1424 1309 1490 forma
1350 1426 1613 1513 prodiit.

478 1524 611 1591 Sed
651 1524 913 1592 saeculo
957 1523 1080 1590 hoc
1118 1514 1405 1607 ineunte,
1450 1541 1561 1592 aut
1599 1530 1797 1595 etiam
1838 1527 2157 1615 superiori
2197 1527 2330 1590 iam
2371 1536 2690 1603 utronno,

317 1628 707 1705 extiterunt,
768 1629 877 1713 qui
910 1624 1229 1692 Iustinum
1283 1627 1368 1693 ad
1413 1628 1637 1715 plures
1676 1626 1879 1694 libros
1923 1624 2432 1705 recensendum,
2487 1638 2558 1692 et
2599 1623 2695 1690 lo-

316 1729 561 1793 ctiones
615 1731 925 1816 optimas,
980 1726 1226 1793 iudicio
1267 1728 1598 1808 adhibito,
1654 1728 2056 1817 delegandus
2100 1749 2147 1791 ·e
2187 1744 2504 1813 quoque,‘
2545 1742 2693 1792 cen-

186 1830 195 1837 ’
317 1841 551 1893 serent.
631 1829 925 1907 Primus,
964 1826 1137 1914 quod
1181 1831 1420 1909 sciam,
1471 1830 1688 1895 facere
1727 1829 1894 1896 illud
1934 1830 2216 1893 instituit
2247 1826 2519 1892 Marcus
2559 1827 2696 1891 An·

320 1932 534 1993 tonius
576 1928 971 2008 Sabellicus,
1029 1918 1251 2014 magni
1298 1928 1479 1994 illius
1515 1926 1857 2017 Poniponii
1899 1929 2092 1995 Laeti
2133 1926 2528 2017 discipulas:
2585 1951 2696 1993 cn-
2747 1932 2752 1936 ’

318 2031 424 2093 ius
462 2043 678 2095 tamen
720 2029 924 2094 editio
962 2029 1075 2095 ubi
1118 2032 1433 2116 primum,
1478 2044 1544 2095 et
1584 2030 1864 2118 quando,
1907 2032 2162 2110 exierit,
2208 2043 2381 2095 certo
2426 2028 2695 2118 quidem

318 2152 449 2196 non
489 2133 662 2205 κοῖος
724 2126 1048 2219 'nunquam
1093 2131 1265 2194 enim
1311 2130 1486 2206 vidi3
1538 2130 1657 2196 sed
1703 2134 2014 2211 conficio,
2082 2153 2226 2197 eam
2265 2128 2571 2195 Venetiis
2613 2128 2693 2195 ab

318 2226 602 2296 Antonio
639 2229 917 2310 Morem,
957 2230 1392 2317 Augustinum
1435 2228 1820 2297 Becharium
1861 2234 2151 2297 nominat
2189 2230 2556 2309 Fabricius,
2593 2252 2700 2295 cu·

322 2344 525 2399 ratam
573 2356 736 2399 esse.
820 2332 1035 2398 Huius
1079 2343 1252 2397 certe
1290 2328 1532 2398 Mureti
1574 2330 1980 2419 diligentiam
2021 2352 2272 2398 summo
2317 2353 2518 2418 opere
2562 2329 2699 2396 lau·

323 2432 434 2499 dat
471 2437 613 2522 ipse
659 2432 1020 2500 Sabellicus
1058 2434 1127 2496 in
1170 2431 1447 2520 epistola
1491 2431 1575 2496 ad
1617 2431 1756 2498 Iob.
1797 2431 2203 2501 Matthaeum
2242 2430 2700 2514 Contarenum,

322 2533 557 2600 Virum
614 2537 984 2620 patricium,
1041 2536 1144 2599 cui
1198 2533 1364 2599 hanc
1421 2551 1606 2600 suam
1648 2533 1881 2599 Iustini
1939 2534 2294 2601 editionem
2351 2537 2702 2624 inscripsit.

325 2635 429 2699 Ea
464 2633 737 2719 epistola
785 2631 1083 2721 praefixa
1122 2633 1362 2721 legitur
1389 2634 1663 2715 Iustino,
1707 2635 1977 2701 Parisiis
2022 2658 2064 2700 a
2091 2633 2230 2702 lob.
2264 2636 2479 2703 Parvo
2523 2645 2714 2703 octo-‘

242 2737 464 2812 wnis,
533 2732 651 2798 sed
712 2738 871 2799 satis
920 2734 1392 2823 neglegenter,
1460 2749 1716 2802 curato-z
1784 2758 1868 2802 ex
1923 2759 2048 2824 qua
2109 2750 2325 2804 tamen
2383 2736 2698 2821 editione,

327 2856 520 2930 quum
584 2845 719 2898 tota
778 2832 862 2898 ad
918 2825 1442 2902 Sabellicanam
1468 2851 1778 2923 expressa
1847 2839 1965 2916 sit,
2045 2840 2347 2904 universe
2419 2839 2696 2905 iudicari

328 2957 521 3026 posse
564 2934 859 3012 videtur,
900 2935 1054 3022 quid
1099 2938 1491 3024 praestiterit
1534 2935 1827 3002 doctrina
1866 2936 2198 3004 Sabellici.
2275 2937 2698 3026 Deprehendi

329 3049 548 3101 autem
585 3035 778 3101 huius
805 3034 1211 3101 parisiensis
1228 3037 1537 3122 editionis
1579 3035 1935 3104 lectionem
1954 3041 2302 3108 convenire
2329 3062 2531 3129 saepe
2559 3061 2698 3108 cun

329 3134 809 3204 Mediolanensi
846 3135 1197 3223 exemplo*
1201 3115 1281 3223 ‘),
1312 3136 1638 3206 interdum
1672 3141 1878 3204 atiam-
1909 3161 2055 3208 cum
2084 3137 2270 3206 libris
2299 3144 2556 3228 scriptis
2571 3143 2702 3226 m),

330 3240 424 3302 ita
454 3251 525 3304 ut
564 3241 632 3304 in
680 3259 825 3304 earn
868 3240 1238 3325 opinionem
1279 3241 1560 3319 veniam,
1587 3251 1676 3304 ut
1715 3238 2109 3308 Sabellicum
2153 3255 2403 3330 putem,
2447 3255 2702 3329 praeter

334 3336 613 3405 Codices
652 3361 848 3404 manu
885 3341 1177 3426 scriptos,
1217 3343 1583 3426 superiores
1615 3362 1866 3429 quoque
1914 3341 2238 3408 editiones
2282 3341 2699 3422 consuluisae,

335 3461 787 3532 nonnunquam
820 3454 1051 3535 tamen·
1069 3439 1151 3506 ab
1181 3440 1266 3505 iis
1294 3442 1642 3508 recessisse
1659 3441 1764 3529 †).
1824 3441 2263 3510 Parisiensem
2304 3442 2560 3511 duobus
2593 3465 2701 3510 an-

504 3743 2441 3827 ·)A.cloccchxxv111.s.moccch)0<D<.apua
2497 3750 2702 3829 thp.

339 3827 613 3890 conam
658 3829 1437 3892 A.cloccchxxx1v.
1481 3842 1542 3890 et
1583 3833 1649 3891 A.
1696 3831 2457 3895 cloccchxxxxvu.

504 3916 765 3992 qvid.
798 3913 1577 3980 xlv.1.2.4.7.et6.
1621 3920 1679 3980 3.
1723 3915 1868 3978 xv.
1912 3920 1969 3979 1.
2013 3921 2284 3984 20t3.
2327 3922 2387 3983 5.
2427 3909 2701 3982 axin.

341 4005 402 4065 2.
447 4002 505 4063 9.
556 4013 614 4059 et
654 4004 709 4064 3.
761 4000 1064 4063 7.XV11.
1112 4005 1169 4064 1.
1213 4003 1273 4063 3.
1317 3999 1673 4061 xxxxlv.
1718 4004 1777 4066 5.
1822 4003 1881 4064 s.
1928 4013 2043 4061 ete.

512 4085 640 4162 2¹⁸⁸)
683 4086 811 4144 vid.
852 4085 1084 4148 xxm.
1128 4088 1188 4147 3.
1232 4088 1292 4146 2.
1324 4083 1558 4146 XXIV.
1602 4087 1664 4147 2.
1708 4087 1770 4149 8.
1811 4084 2042 4146 XXVI.
2095 4090 2152 4149 1.
2183 4087 2242 4150 9.
2289 4098 2350 4147 et
2390 4090 2449 4152 8.
2485 4089 2545 4151 3.
2591 4100 2700 4148 ete.

511 4171 579 4248 †)
624 4170 725 4232 Sic
784 4171 1075 4247 discrepat
1130 4169 1278 4228 haec
1315 4169 1662 4230 parisien-i·
1720 4173 1902 4231 editio
1961 4187 2082 4232 non
2122 4173 2308 4232 solum
2352 4191 2389 4231 a
2429 4171 2702 4235 Mediola-
