2813 4694
636 214 746 285 ιΝ
803 195 1229 286 msa-[M
1280 191 1649 284 Lialx.
1707 217 2021 288 CARI.
2114 259 2121 268 -
2263 165 2273 176 ⁵
2380 226 2537 312 ,439

137 427 261 470 nec
305 409 614 485 quicquam
661 406 851 467 adbuc
891 408 1039 476 certi
1078 406 1377 486 proditur,
1418 428 1531 468 nec
1571 408 1644 469 ab
1689 411 1762 469 iis
1801 409 2055 488 quidem,
2097 414 2196 490 qui
2234 412 2528 473 Hebraico

140 503 458 564 tractantz,
488 510 622 550 cum
663 503 861 552 tamen
926 493 1050 550 eius
1107 493 1335 550 numeri
1394 495 1615 552 veritas
1675 511 1751 552 ex
1801 495 2198 555 Pentateucho
2257 498 2524 571 pendeat.

138 577 268 637 Sed
307 578 728 636 admonitionis
776 587 867 635 est
909 578 1034 650 plus
1075 578 1242 635 satis.
1324 573 1488 635 Deus
1546 595 1651 651 pro
1713 578 1880 638 nobis
1938 583 2001 639 in
2053 600 2159 638 sua
2215 584 2527 641 clementia

95 664 371 721 ,excitet
413 664 667 738 aliquem
707 661 785 719 sd
826 660 980 720 hunc
1024 662 1430 732 utilissimum,
1470 659 1940 721 honestissimum
1985 683 2054 723 ae
2096 668 2524 725 sanctissimum

131 746 445 819 laborem,
486 756 554 802 ut
594 746 894 804 videamus
938 743 1048 802 hoc
1092 763 1234 820 opus
1280 744 1520 823 dignum
1563 744 1808 804 authore
1849 765 1991 820 suo,
2043 748 2280 826 dignum
2338 752 2524 809 inter-

131 843 347 906 prete,
391 830 759 888 sanctissimo
800 829 1305 906 eruditissimoque
1347 831 1496 900 viro,
1535 828 1611 887 D.
1655 827 2034 907 Hieronymo.
2081 832 2169 890 Gi.
2174 851 2390 893 susan.
2433 865 2521 880 --·

131 913 411 992 Namque
456 914 782 972 delendum.
827 913 1025 972 Susis.
1059 945 1144 958 —
1184 912 1449 972 Sebisius
1487 913 1632 971 illud
1675 933 1922 993 namque
1954 916 2129 974 delet.
2182 917 2360 976 Puto
2401 938 2519 976 non

125 998 194 1056 id
237 1001 463 1069 solum,
511 999 614 1055 sed
661 1009 723 1056 et
764 997 878 1055 duo
918 999 1144 1072 reliqua
1191 997 1454 1055 delenda.
1536 997 1864 1072 Scripserst
1921 988 2213 1070 Iustinus,
2276 1003 2518 1061 condita

113 1086 372 1164 prim03
412 1082 486 1140 ad
526 1080 639 1142 hoc
698 1092 1007 1141 notaverat
1058 1083 1375 1157 quispiam,
1443 1080 1592 1139 haec
1644 1100 1848 1161 nempe
1909 1083 2071 1142 urbs.
2159 1041 2329 1152 Q’uod
2387 1105 2518 1146 cum

131 1178 442 1241 receptum
506 1175 662 1223 esset
710 1168 776 1225 in
830 1176 1091 1239 textum,
1161 1166 1421 1241 illudque
1479 1183 1684 1243 nempe
1741 1161 1993 1240 liqueret
2049 1187 2177 1226 esse
2234 1171 2517 1246 ineptum,

130 1250 252 1310 fuit
294 1251 482 1322 alius,
521 1251 627 1326 qui
665 1267 771 1325 pro
814 1268 885 1308 eo
929 1251 1073 1308 fecit
1111 1269 1375 1328 namque.
1434 1247 1699 1307 Sensrr.
1739 1281 1820 1292 ——
1862 1249 1997 1309 Non
2036 1271 2180 1311 sane
2219 1253 2370 1325 fuit,
2412 1272 2517 1312 cur

124 1333 396 1393 Sebisius
436 1326 507 1393 τὸ
551 1333 835 1413 nauaque,
878 1344 982 1392 aut
1026 1332 1361 1392 Schefl'crus
1406 1334 1584 1389 etiam
1643 1333 1857 1411 trigam
1914 1337 2087 1393 istam
2141 1336 2289 1396 haec
2348 1358 2515 1396 nam-

125 1438 247 1497 que
290 1419 429 1476 urbs
472 1417 727 1494 deleret3
784 1437 958 1495 quum
1001 1418 1092 1478 bis
1135 1420 1288 1477 ratio
1332 1419 1504 1476 detur
1543 1417 2048 1492 praecedentium.
2103 1425 2245 1492 sati,
2302 1439 2545 1504 nempe·

123 1502 381 1561 fiduciae
422 1500 694 1560 habuisse
732 1501 883 1561 banc
927 1504 1266 1576 civitatem,
1326 1511 1395 1560 ut
1439 1513 1636 1577 portas
1679 1500 1944 1577 Philippo
1985 1505 2318 1577 clauderet,
2377 1507 2515 1579 quia

125 1603 247 1645 nec
305 1583 780 1644 Lacedaemoniis
839 1605 950 1644 nec
999 1585 1452 1646 Atheniensibus
1507 1588 1669 1648 illam
1727 1597 1998 1663 tanquam
2054 1605 2217 1645 suam
2277 1591 2514 1648 auxiliis

135 1669 580 1742 adiuvantibus,
622 1672 738 1728 iam
786 1671 998 1729 dudum
1040 1649 1413 1730 constantior
1449 1670 1513 1728 in
1556 1672 1774 1729 tuenda
1817 1671 2092 1730 libertate
2133 1672 2291 1729 facta
2334 1683 2510 1731 esset.

123 1753 374 1852 Saepius
414 1764 610 1812 autem
651 1753 796 1812 illud
830 1775 1081 1834 namque
1121 1756 1378 1815 secunda
1422 1754 1649 1828 periodi
1688 1772 1807 1812 vox
1850 1765 1955 1813 est.
2010 1765 2077 1811 ut
2118 1755 2217 1815 lib.
2259 1755 2403 1815 XII.
2450 1758 2510 1817 2.

125 1838 332 1897 Erat
343 1854 593 1912 namque
657 1849 801 1897 tunc
857 1842 1166 1919 temporis
1199 1840 1342 1899 urbs
1400 1848 1518 1896 etc.
1604 1848 1665 1896 et
1736 1838 1837 1897 lib.
1894 1836 2189 1898 XXXVL
2251 1841 2335 1900 3.·
2394 1839 2511 1898 Est
2574 1855 2583 1864 ·

131 1940 382 1999 namque
435 1923 653 1993 vallis,
706 1940 861 2000 quae
917 1926 1214 1984 continuis
1262 1934 1377 1982 etc.
1440 1920 1779 1981 Worxuxs.
1839 1953 1927 1967 —-
1980 1921 2092 1982 Ed
2153 1921 2324 1981 Rom.
2369 1943 2507 1983 nam

125 2006 276 2065 baec
315 2006 477 2065 urbs.
561 2006 707 2066 Asu.
754 2005 1037 2068 Gaoxov.
1771 2033 1779 2042 ·
2500 2031 2507 2036 ·

293 2086 568 2148 Conni-u
612 2106 805 2148 ramo
850 2107 887 2148 A
928 2090 1255 2149 Psussms.
1342 2091 1461 2150 Alii
1496 2109 1613 2152 non
1656 2091 1947 2148 conditam
1982 2108 2019 2147 a
2061 2089 2369 2162 Pausania,
2401 2091 2506 2149 sed

122 2176 331 2232 saltem
391 2185 779 2253 expugnatam
833 2175 1234 2245 tradiderunt,
1293 2175 1452 2234 inter
1507 2192 1655 2249 quos
1720 2186 1845 2247 est,
1899 2177 2095 2250 inquit
2150 2175 2378 2251 Lipsius
2430 2174 2505 2232 ad

121 2259 268 2317 illud
327 2257 538 2316 Taciti
578 2276 655 2316 ex
712 2260 919 2317 Annal.
983 2260 1084 2317 lib.
1138 2257 1281 2318 XII.
1382 2258 1744 2335 Byzantium
1807 2263 1869 2318 in
1925 2271 2196 2319 extrema
2254 2259 2504 2339 Europa

110 2362 374 2425 posuere
426 2341 668 2414 Graeci,
706 2343 988 2402 Aemilius
1027 2343 1271 2403 Probus.
1331 2344 1623 2419 Quidquid
1670 2343 1730 2402 id
1775 2355 1893 2402 est.
1938 2342 2239 2419 Spartanis
2282 2345 2504 2402 adscri-

127 2426 213 2486 bit
255 2427 542 2506 originem
584 2426 754 2485 buius
796 2429 1191 2487 nobilissimae
1243 2428 1405 2487 urbis
1449 2430 1511 2486 in
1555 2429 1628 2486 de
1670 2427 1857 2508 Nugis
1902 2427 2216 2487 Curialium
2255 2428 2507 2487 Ioannes

125 2511 602 2584 Sarisberiensis,
644 2511 745 2569 ubi
788 2514 906 2571 ait.
991 2512 1233 2587 Infecta
1273 2516 1480 2591 itaque
1520 2515 1760 2590 negotio
1804 2532 2081 2571 reversus
2126 2524 2257 2583 est,
2301 2514 2503 2571 dicens

131 2614 195 2654 se
233 2596 386 2655 nolle
422 2596 684 2675 gloriam
725 2593 1208 2674 Spartanorum,
1259 2616 1509 2675 quorun
1570 2599 1769 2654 virtus
1822 2608 2163 2654 constructo
2203 2595 2504 2673 Byzantio

125 2679 526 2751 clarescebat,
565 2679 681 2737 hac
722 2680 1028 2740 maculare
1069 2681 1364 2753 infamia,
1411 2692 1479 2738 ut
1522 2690 1638 2738 etc.
1747 2677 2095 2737 Claudianus
2155 2698 2193 2736 a
2240 2680 2500 2757 Byzante

124 2764 322 2822 nescio
376 2782 490 2863 quo
524 2773 901 2821 exstructam
961 2773 1022 2823 et
1078 2756 1510 2823 denominatam
1564 2766 1810 2823 inuuere
1881 2764 2149 2837 videtur,
2226 2764 2363 2822 dum
2414 2765 2501 2822 ait

123 2847 225 2906 lib.
261 2845 338 2905 11.
388 2849 451 2906 in
491 2847 872 2923 Eutropium:
1706 2888 1723 2895 -

710 2931 822 2989 hoc
863 2930 1073 3008 Byzas.
1112 2932 1660 3010 Constantinusque
1699 2928 2025 2990 videbunt?
2208 2929 2374 2989 Mon.

124 3012 433 3075 Consentit
473 3013 729 3074 Isidorus
774 3015 1001 3096 Origin.
1062 3016 1196 3075 XV.
1259 3020 1316 3077 1.
1400 3018 1517 3075 Alii
1573 3034 1692 3074 non
1747 3015 2040 3072 conditam
2099 3033 2136 3071 a
2190 3013 2498 3088 Pausania,

121 3101 228 3159 sed
267 3103 455 3159 solum
499 3110 888 3179 expugnatam
930 3102 1204 3159 tradunt:
1243 3101 1400 3159 inter
1443 3118 1585 3176 quos
1631 3109 1721 3156 est
1765 3096 2136 3176 Thucydides
2182 3097 2231 3156 Ι.
2263 3098 2358 3162 15.
2393 3101 2499 3161 29.

120 3186 284 3244 Acm.
323 3184 547 3243 Probus
588 3186 650 3241 in
693 3180 870 3243 Paus.
953 3189 1032 3243 At
1070 3184 1312 3242 Tacitus
1354 3185 1681 3263 generatim
1733 3184 1942 3241 Annal.
2003 3181 2142 3240 XII.
2195 3183 2296 3244 63.
2374 3183 2500 3260 By-

117 3272 387 3328 zantium
444 3270 508 3326 in
550 3279 819 3327 extrema
872 3268 1120 3347 Europa
1167 3286 1432 3347 posuere
1494 3267 1734 3326 Graeci.
1818 3266 1979 3325 Ioan.
2035 3266 2495 3326 Saresberiensis

121 3354 194 3411 de
236 3352 422 3435 Nugis
466 3350 678 3419 Curial.
723 3350 768 3409 I.
771 3330 862 3415 5.
922 3350 1363 3432 Spartanorum
1403 3354 1603 3411 virtus
1646 3363 1988 3410 constructo
2029 3350 2328 3428 Byzantio
2370 3353 2496 3413 cla-

117 3438 409 3498 rescebat.
524 3434 871 3495 Claudianus
929 3455 966 3493 a
1030 3436 1291 3514 Byzante
1349 3436 1599 3510 quodam
1654 3446 2013 3494 exstructam
2069 3455 2189 3493 non
2247 3435 2495 3495 obscure

116 3524 273 3596 vult,
311 3523 375 3579 in
414 3519 756 3595 Eutropium
797 3521 870 3581 II.
909 3517 1012 3583 48.
1251 3538 1262 3546 '

714 3604 826 3666 Ιιοσ
868 3604 1068 3684 Byzas
1115 3604 1657 3681 Constantinusque
1696 3601 2019 3663 videbunt?

117 3686 278 3749 Haec
319 3692 445 3750 fere
489 3688 715 3765 lipsius
756 3691 892 3749 Not.
929 3688 1198 3763 CXLIX.
1241 3689 1313 3746 ad
1353 3687 1540 3746 Tacit.
1576 3686 1716 3745 XII.
1763 3685 2494 3749 Annsl.Ammisn.Ma1-c.

119 3774 321 3834 XXII.
361 3776 461 3835 12.
500 3777 825 3834 Atticorum
872 3756 1157 3832 coloniam
1203 3774 1347 3831 facit
1392 3770 1692 3829 Constant.
1733 3770 2094 3850 Porphyrog.
2128 3773 2225 3829 *de
2280 3770 2489 3832 Them.

119 3877 246 3939 pag·
287 3861 390 3921 82.
433 3859 478 3918 s.
522 3858 950 3935 Megarensium
999 3877 1067 3915 ac
1111 3847 1731 3927 Lacedaemoniorum,
1793 3866 1856 3913 et
1894 3854 2262 3913 Boeotorum.
2345 3852 2494 3911 Vide

117 3942 476 4020 Hesychium
515 3944 664 4001 libro
707 3944 991 4021 singulari
1037 3943 1112 4001 de
1153 3941 1351 4000 Rebus
1394 3943 1619 4016 patriae
1660 3938 2259 4014 constantinopoleos.
2303 3935 2492 3997 Bm.

119 4056 199 4074 --·
245 4027 560 4084 Pausanias
603 4028 950 4106 Byzantium
993 4027 1286 4096 condidit,
1342 4027 1469 4083 sive
1517 4026 1799 4083 coloniam
1860 4025 2003 4083 fecit
2058 4023 2491 4097 Spartanorum.

121 4110 319 4170 Primo
359 4130 502 4168 vero
546 4111 618 4168 ab
661 4116 764 4171 illo
820 4111 1116 4169 conditam
1172 4130 1332 4182 esse,
1391 4120 1459 4167 ut
1514 4110 1705 4183 inquit
1764 4108 2056 4179 lustinus,
2113 4106 2322 4163 falsum
2376 4116 2490 4163 est.
2596 4118 2605 4125 ‘

117 4195 244 4255 Iam
285 4195 385 4253 diu
433 4194 588 4253 enim
626 4208 765 4256 ante
825 4212 863 4253 s
917 4194 1179 4273 Byzante
1237 4203 1594 4253 exstructam
1619 4232 1638 4265 ‚
1698 4193 1990 4255 sutoribus
2043 4198 2105 4246 et
2161 4188 2493 4261 tonsoribus

117 4291 344 4341 netum.
430 4276 722 4358 Deinceps
766 4278 1006 4341 condita
1065 4295 1104 4337 s
1163 4276 1606 4359 Megarensibus
1664 4275 1900 4354 olymp.
1938 4272 2157 4335 XXX.
2219 4288 2374 4330 anno
2416 4270 2494 4332 11.
