2813 4694
228 303 235 317 .
295 242 423 319 160
749 238 1024 310 CASP.
1090 228 1742 345 SAGITT'ARH
1795 226 2188 336 {EXERQ

298 453 471 512 quem
514 445 711 495 tamen
752 433 1049 515 geminum
1074 512 1077 513 ⁷
1100 433 1285 490 fuisse
1330 418 1426 488 'ex
1480 429 1773 489 Strabone
1824 429 1925 488 lib.
1967 428 2160 489 xvn.
2220 430 2465 489 Aeliano
2513 430 2682 491 Hist.

294 522 487 581 Anim.
530 520 632 578 lib.
678 517 762 579 X.
802 537 924 593 cap.
964 518 1024 579 8.
1069 515 1381 575 Plutarcho
1425 514 1696 573 de·Iside
1739 525 1799 573 et
1845 514 2079 574 Osiride
2138 515 2438 575 docemur.
2535 516 2679 576 Sci-

294 608 438 664 licet
487 606 638 662 alter
686 602 918 663 Mnevis
971 594 1336 676 nuncupatus
1395 601 1469 657 ab
1533 588 2001 679 Heliopolitana}
2057 601 2120 656 in
2178 599 2457 660 honorem
2514 602 2674 659 solis

296 689 532 763 cethus,-
574 689 734 757 alter
770 705 909 745 vero
956 687 1092 759 Apis
1137 687 1334 744 diceus
1377 693 1440 741 et
1477 703 1511 741 a
1551 682 1883 757 Memphitis
1927 685 1988 739 in
2028 682 2307 741 honorem
2339 685 2513 742 lunae
2565 692 2682 759 pro*

291 775 537 833 numine
576 771 822 830 habitus.
899 767 1044 826 Erat
1084 780 1278 831 autem
1321 768 1494 843 Apis,
1537 786 1656 825 non
1697 771 1856 825 coitu
1874 769 2125 842 ‘pecoris
2151 766 2321 844 '(ita
2359 767 2680 847 nugaban-

294 856 440 935 tur)
480 856 586 914 sed
631 853 870 914 coelesti
911 854 1048 932 igne
1083 872 1186 910 seu
1227 852 1405 910 radiis
1447 851 1744 910 lunaribus
1806 862 2159 933 conceptus,
2213 854 2410 910 colore
2471 855 2680 931 nigro,

295 941 578 1017 quadrato
624 941 684 997 in
723 938 919 995 fronte
961 937 1248 1007 candore,
1292 938 1518 994 macula
1556 936 1765 994 dextro
1802 937 1972 993 lateri
2028 936 2292 1014 ingenita
2343 947 2404 993 et
2464 939 2682 995 corni—³

294 1024 543 1083 culantis
585 1023 757 1081 lunae
798 1022 1114 1099 imaginem
1153 1021 1449 1079 referente
1492 1020 1952 1095 conspiciendus.
2024 1016 2156 1077 Hoc
2211 1019 2355 1077 bove
2402 1031 2676 1093 mortuo,

293 1111 422 1168 sive
463 1108 652 1181 potius
699 1114 829 1180 post
866 1107 998 1163 sevi
1053 1106 1302 1178 spatium
1343 1105 1405 1163 in
1449 1107 1632 1162 sacris
1672 1104 1833 1162 libris
1875 1106 2289 1178 praescriptum
2342 1104 2416 1160 ad
2453 1103 2670 1164 Nilum

291 1201 539 1263 necato,
579 1190 738 1248 alius
782 1189 1185 1265 quaerebatur
1245 1199 1306 1247 et
1364 1189 1784 1267 reperiebatur
1841 1188 2066 1246 vitulus
2123 1188 2341 1246 coloris
2402 1188 2671 1246 cauden

297 1276 487 1351 (quse
525 1273 704 1333 verba
743 1281 880 1330 sunt
920 1273 1232 1350 Augustini
1272 1272 1346 1329 de
1387 1269 1451 1329 C.
1496 1270 1571 1330 D.
1615 1271 1714 1329 lib.
1757 1268 1978 1330 XVIII.
2018 1288 2141 1345 cap.
2182 1268 2288 1348 5.)
2329 1272 2483 1329 albis
2526 1275 2670 1349 qm·-

292 1356 535 1418 bnsdam
579 1357 827 1415 maculis
869 1357 1152 1415 similiter
1193 1358 1542 1433 insignitus.
1626 1355 1830 1432 Neque
1889 1355 2089 1413 dubito
2147 1374 2280 1412 eum
2332 1356 2664 1434 Augustino

290 1454 522 1518 partum
558 1440 743 1499 huius
769 1440 933 1497 bovis
977 1440 1272 1497 daemonis
1314 1441 1648 1518 praestigiis
1692 1439 2041 1497 adscribere.
2142 1437 2291 1497 Cum
2329 1450 2528 1497 auten
2569 1441 2665 1497 in·

289 1537 503 1586 ventus
543 1536 697 1584 esset
740 1525 912 1599 Apis,
950 1525 1199 1582 solemni
1239 1541 1448 1598 pompa
1487 1522 1797 1598 Memphim
1837 1525 2252 1601 Aegyptiorum
2291 1526 2521 1603 regiam
2557 1524 2665 1581 (le-

293 1611 428 1670 duci
470 1627 507 1673 a
565 1608 962 1668 sacerdotibus
1019 1608 1280 1679 solebat,
1334 1609 1528 1682 pueris
1589 1610 1653 1665 in
1706 1625 1875 1666 sacro
1931 1609 2035 1663 illo
2092 1611 2367 1665 comitatu
2426 1626 2661 1666 carmen

288 1694 499 1753 honori
537 1694 804 1751 Numinis
842 1694 1133 1772 gregatim
1173 1690 1669 1766 praecinentibus,
1712 1693 2073 1765 multumque
2129 1701 2259 1750 erat
2312 1690 2385 1748 ob
2459 1703 2658 1750 natum

291 1789 354 1836 et
391 1788 686 1855 repertum
727 1775 917 1835 Deum
956 1786 1016 1834 et
1071 1776 1361 1851 publicum
1416 1776 1729 1854 gaudium,
1785 1777 1902 1833 imo
1964 1771 2296 1835 πανδαισία
2348 1777 2475 1835 sive
2533 1777 2658 1832 lan-

287 1864 577 1921 tissimum
617 1863 978 1931 convivium,
1024 1870 1092 1917 ut
1132 1860 1396 1919 scribunt
1448 1857 1658 1918 Suidas
1719 1870 1780 1916 et
1831 1862 2165 1936 Apostolius
2219 1857 2389 1917 Prov.
2448 1858 2657 1917 Graec.

291 1945 458 2007 Cent.
504 1944 604 2004 III.
648 1942 783 2017 85„
842 1943 1257 2009 instruebatur.
1368 1945 1557 2011 Qua'm
1630 1944 1876 2005 ridicula
1937 1954 2132 2001 autem
2180 1934 2468 2024 religione
2522 1963 2659 2001 eum

293 2032 579 2090 eo‘luerint
620 2030 925 2109 AegyptiI,
965 2031 1061 2087 vel
1102 2028 1239 2086 inde
1280 2038 1482 2102 patet,
1533 2028 1688 2102 quod
1745 2047 1826 2086 eo‹
1868 2038 2097 2085 mortuo
2153 2030 2332 2085 etiam
2385 2029 2659 2102 capillum

288 2117 626 2191 posuerint,
669 2113 963 2173 scribente
1007 2112 1261 2171 Luciano
1302 2114 1365 2169 in
1404 2112 1525 2169 fine
1573 2112 1707 2169 libri
1762 2112 1834 2169 de
1885 2111 2240 2184 sacrificiis,
2305 2130 2433 2170 cum
2482 2113 2657 2185 alias,

287 2200 342 2257 si
383 2196 684 2257 Herodoto
722 2198 869 2255 fides
928 2178 1228 2269 habenda,
1287 2198 1555 2276 lugentes
1611 2215 1731 2252 non
1788 2197 2193 2254 tonderentur.
2291 2198 2445 2264 Quin
2503 2196 2657 2253 adeo

288 2293 524 2342 sanetus
565 2291 692 2339 erat
734 2280 829 2338 hic
872 2280 1013 2355 bos,
1068 2290 1135 2338 ut
1178 2282 1300 2337 eius
1362 2278 1727 2355 sepulchrum
1782 2280 2041 2342 indicare
2095 2282 2382 2356 piaculum
2437 2278 2658 2338 fuerit:

286 2368 502 2427 Arnob.
544 2368 644 2428 lib.
685 2364 781 2423 VI.
864 2361 988 2424 Nec
1029 2376 1304 2424 exactam
1347 2366 1657 2424 desiderat
1695 2384 1901 2422 curam
1925 2405 1944 2436 ,
2005 2384 2176 2444 quam
2204 2382 2464 2444 poenam
2519 2385 2659 2424 cen-

286 2455 560 2512 stituerit
601 2449 907 2529 Aegyptus
952 2452 1015 2507 in
1057 2469 1185 2509 eum
1228 2450 1335 2525 qui
1370 2448 1760 2527 publicasset,
1800 2448 2006 2527 quibus
2051 2450 2196 2507 locis
2238 2448 2391 2526 Apis
2424 2452 2658 2507 iaceret

288 2536 688 2594 absconditus.
767 2533 1086 2592 Meminere
1126 2543 1324 2590 autem
1361 2532 1531 2590 huius
1576 2529 1719 2608 Apis
1777 2534 2089 2607 scriptores
2141 2535 2408 2607 plurimi,
2469 2534 2660 2590 inter-

287 2635 406 2694 que
447 2625 547 2678 ebs
602 2618 935 2676 Herodotus
994 2617 1092 2674 lib.
1154 2615 1259 2690 1¹1.
1314 2616 1607 2675 Diodorus
1658 2616 1931 2674 Biblioth.
1972 2617 2072 2675 lib.
2116 2614 2158 2674 I.
2220 2614 2423 2674 Cicero
2463 2617 2563 2674 lib.
2607 2615 2656 2676 1.

290 2705 365 2762 de
406 2702 478 2760 N.
523 2702 596 2764 D.
635 2702 859 2760 Plinius
899 2700 999 2772 lib.
1038 2693 1193 2758 VIII.
1239 2718 1362 2775 cap.
1392 2697 1495 2762 46.
1538 2699 1773 2759 Solinus
1816 2717 1939 2777 cap.
1981 2697 2244 2759 XXXV.
2265 2700 2439 2758 *Mela
2477 2701 2581 2759 lib.
2608 2699 2690 2764 I.-

288 2804 410 2861 cap.
454 2787 514 2846 9.
574 2786 860 2845 Lucienus
892 2788 963 2862 ,in
1003 2782 1263 2843 Concilio
1303 2784 1485 2843 Deor.
1525 2784 1765 2843 Tacitus
1807 2783 2027 2842 Histor.
2060 2784 2127 2842 V.
2168 2780 2228 2843 4.
2268 2785 2326 2845 2.
2391 2785 2658 2860 Spartia-

285 2889 397 2929 nus
455 2871 519 2928 in
566 2869 882 2929 Hadriano.
926 2871 1262 2928 Ammianus
1304 2869 1403 2926 lib.
1446 2867 1653 2928 XXII.
1710 2869 1825 2926 Dio
1864 2869 1964 2926 lib.
2006 2867 2097 2926 LI.
2158 2865 2485 2928 Macrobius
2545 2867 2658 2928 Sa-

286 2964 444 3013 turn.
485 2949 586 3011 lib.
627 2953 805 3012 XXI.
860 2953 1174 3012 Suetonius
1212 2955 1273 3010 in
1315 2952 1456 3010 Tito
1499 2970 1620 3027 cap.
1659 2951 1727 3010 V.
1793 2952 2125 3011 Athenaeus
2161 2952 2260 3009 lib.
2305 2950 2432 3011 VII.
2507 2951 2674 3012 Por--

218 3033 227 3048 ¹
285 3037 522 3116 phyrius
566 3036 700 3115 περὶ
744 3033 979 3114 ἀποχῆς
1032 3038 1130 3095 lib.
1188 3034 1285 3093 IV.
1359 3035 1635 3094 Libanius
1686 3036 1958 3112 Sophista
2013 3039 2075 3094 in
2131 3036 2413 3094 Encomio
2467 3037 2653 3095 boris.

288 3121 342 3181 E
386 3121 583 3180 Poetis
624 3121 868 3180 Ovidius
913 3122 1014 3181 lib.
1056 3103 1133 3180 II.
1184 3124 1378 3178 Amor.
1417 3119 1582 3199 Eleg.
1630 3120 1726 3181 13.
1784 3121 2047 3180 Lucanus
2085 3121 2186 3178 lib.
2231 3119 2340 3179 IX.
2384 3141 2470 3180 vs.
2513 3119 2653 3183 157.

281 3203 557 3280 Papinius
607 3205 772 3284 Sylv.
812 3206 910 3264 lib.
952 3204 1053 3263 III.
1094 3223 1181 3263 vs.
1227 3203 1366 3264 107.
1420 3203 1683 3262 Tibullus
1725 3204 1824 3261 lib.
1872 3204 1916 3264 1.
1975 3205 2142 3284 Eleg.
2182 3206 2241 3264 7.
2298 3202 2652 3264 Claudianus

282 3287 381 3348 lv.
468 3288 640 3348 Cous.
710 3289 959 3349 Honorii
1025 3307 1178 3346 vers.
1249 3285 1391 3347 576.
1493 3287 1542 3345 Ε
1599 3287 1942 3347 Christianis
2022 3289 2300 3347 Minutius
2380 3289 2648 3347 Octavio.

282 3372 498 3432 Arnob.
542 3374 641 3432 lib.
687 3372 734 3432 l.
774 3372 1052 3432 Athenas.
1093 3369 1243 3430 libro
1293 3381 1496 3429 eontra
1537 3374 1804 3452 gentiles.
1858 3373 2258 3432 Nazianzenus
2296 3374 2370 3430 ad
2414 3373 2646 3431 Nemes.

280 3458 426 3515 item
464 3458 628 3516 Orat.
674 3456 743 3514 II.
810 3460 873 3515 in
922 3456 1126 3516 Iulian.
1182 3455 1433 3513 Basilius
1493 3458 1554 3513 in
1609 3457 1913 3516 Noemum.
1974 3457 2141 3515 Orat.
2196 3449 2292 3515 VI.
2363 3455 2646 3516 Eusebius

284 3541 387 3599 lib.
422 3541 533 3601 XI.
575 3540 840 3599 Chronic.
879 3551 939 3598 et
970 3540 1072 3598 lib.
1105 3540 1178 3598 II.
1241 3539 1509 3615 Praepar.
1552 3539 1778 3619 Euang.
1819 3560 1942 3616 cap.
1993 3544 2046 3602 1.
2091 3539 2359 3600 Clemens
2396 3543 2649 3600 Alexan-

283 3625 432 3684 drin.
492 3626 802 3684 Paraenes.
904 3625 984 3683 Et
1041 3624 1112 3682 ab
1173 3622 1286 3681 hoc
1340 3626 1759 3704 Aegyptiorum
1819 3623 1970 3683 bove
2024 3635 2291 3684 veterum
2343 3626 2650 3684 doctorum

279 3712 548 3768 nonnulli
588 3713 875 3790 originem
917 3711 1165 3767 traxisse
1207 3709 1411 3766 volunt
1449 3711 1694 3767 vitulum
1735 3710 1898 3767 illum
1942 3727 2202 3782 aureum,
2287 3728 2420 3767 uem
2460 3708 2652 3767 Israe-

281 3795 425 3851 litae
470 3793 585 3852 sibi
626 3797 689 3852 in
731 3795 965 3852 deserto
1008 3792 1313 3873 erigebant
1354 3792 1753 3867 colebantque.
1836 3792 1966 3851 vid.
2010 3792 2238 3853 Philon.
2308 3794 2384 3850 ib.
2426 3791 2530 3851 III.
2573 3795 2649 3851 de

278 3879 404 3937 vita
445 3877 662 3957 Moysis
686 3915 705 3950 ‚
762 3889 824 3937 et
864 3878 964 3935 lib.
1005 3879 1079 3936 de
1122 3877 1469 3952 specialibus
1514 3877 1758 3957 legibus.
1798 3876 2059 3936 Lactant.
2099 3879 2196 3936 lib.
2240 3877 2338 3936 IV.
2377 3895 2501 3954 cap.
2551 3879 2650 3938 10.

280 3960 622 4022 Tertullian.
654 3963 785 4021 adv.
814 3960 1056 4020 Iudaeos
1096 3962 1196 4019 lib.
1232 3960 1275 4019 I.
1315 3962 1681 4020 Ambrosium
1721 3963 1786 4019 in
1819 3960 2061 4036 Epistol.
2101 3963 2176 4021 ad
2219 3961 2406 4020 Rom.>
2430 3979 2557 4038 cap.
2593 3964 2651 4022 1.

284 4055 349 4104 et¹
383 4047 485 4104 lib.
530 4045 576 4104 Ι.
619 4047 693 4105 de
731 4046 962 4106 Poenit.
1003 4064 1127 4122 cap.
1169 4047 1225 4107 6.
1283 4042 1623 4123 Hieronym.
1666 4046 1740 4104 ad
1783 4059 1905 4121 cap.
1950 4042 2010 4107 4.
2071 4035 2279 4105 Oseae.
2319 4045 2533 4105 Ruffin.
2573 4046 2650 4105 sd

277 4134 471 4192 Amos.
511 4131 613 4189 lib.
660 4130 705 4189 1.
767 4131 828 4189 id
883 4134 1038 4207 quod
1094 4131 1352 4206 plurimis
1405 4130 1705 4189 declarant
1757 4131 1870 4188 vlri
1928 4130 2293 4192 celeberrimi
2357 4129 2652 4189 Seldenus

281 4214 357 4272 de
413 4216 543 4275 Diis
597 4213 764 4293 Syris
818 4214 1123 4295 Syntagm.
1182 4214 1227 4272 I.
1284 4231 1408 4287 cap.
1471 4210 1533 4276 4.
1620 4213 1859 4272 Vossius
1910 4213 2012 4272 lib.
2051 4214 2099 4273 1.
2169 4215 2242 4272 de
2307 4214 2664 4273 Idololatria»

282 4317 406 4376 cap.
454 4301 555 4362 29.
594 4298 903 4361 Dilherrus
942 4298 1171 4377 Disput.
1210 4296 1418 4355 Philol.
1459 4295 1627 4360 Tem.
1659 4298 1715 4358 Ἰ.
1758 4295 1912 4356 VIII.
1971 4296 2290 4359 Saubertus
2333 4300 2408 4360 de
2446 4295 2647 4358 Sueri-
