<?xml version="1.0" encoding="UTF-8"?>
<!DOCTYPE html PUBLIC "-//W3C//DTD XHTML 1.0 Transitional//EN"
    "http://www.w3.org/TR/xhtml1/DTD/xhtml1-transitional.dtd">
<html xmlns="http://www.w3.org/1999/xhtml" xml:lang="en" lang="en">
 <head>
  <title>
</title>
<meta http-equiv="Content-Type" content="text/html;charset=utf-8" />
  <meta name='ocr-system' content='tesseract 3.04.00' />
  <meta name='ocr-capabilities' content='ocr_page ocr_carea ocr_par ocr_line ocrx_word'/>
</head>
<body>
  <div class='ocr_page' id='page_1' title='image "./iustinihistoria00heergoog_0040.png"; bbox 0 0 2813 4694; ppageno 0'>
   <div class='ocr_carea' id='block_1_1' title="bbox 314 169 2143 287">
    <p class='ocr_par' dir='ltr' id='par_1_1' title="bbox 314 169 2143 287">
     <span class='ocr_line' id='line_1_1' title="bbox 314 169 2143 287; baseline -0.007 -15"><span class='ocrx_word' id='word_1_1' title='bbox 314 203 433 287; x_wconf 59' lang='lat'><strong>28,</strong></span> <span class='ocrx_word' id='word_1_2' title='bbox 724 169 731 178; x_wconf 86' lang='lat'>&#39;</span> <span class='ocrx_word' id='word_1_3' title='bbox 786 197 795 204; x_wconf 84' lang='grc'><strong><em>·</em></strong></span> <span class='ocrx_word' id='word_1_4' title='bbox 908 189 1542 264; x_wconf 70' lang='lat' dir='ltr'><strong>noc-rorum</strong></span> <span class='ocrx_word' id='word_1_5' title='bbox 1607 186 2143 260; x_wconf 66' lang='lat' dir='ltr'><strong>nonnum</strong></span> 
     </span>
    </p>
   </div>
   <div class='ocr_carea' id='block_1_2' title="bbox 316 341 2742 467">
    <p class='ocr_par' dir='ltr' id='par_1_2' title="bbox 316 341 2742 467">
     <span class='ocr_line' id='line_1_2' title="bbox 316 341 2742 467; baseline -0.006 -13"><span class='ocrx_word' id='word_1_6' title='bbox 316 409 461 454; x_wconf 89' lang='lat' dir='ltr'><strong>rum</strong></span> <span class='ocrx_word' id='word_1_7' title='bbox 503 380 972 453; x_wconf 80' lang='lat' dir='ltr'><strong>conscribenda</strong></span> <span class='ocrx_word' id='word_1_8' title='bbox 1012 382 1256 449; x_wconf 81' lang='lat' dir='ltr'><strong>erravit</strong></span> <span class='ocrx_word' id='word_1_9' title='bbox 1289 371 1585 467; x_wconf 81' lang='lat' dir='ltr'><strong>Trogus,</strong></span> <span class='ocrx_word' id='word_1_10' title='bbox 1627 375 1913 445; x_wconf 77' lang='lat' dir='ltr'><strong>Graecos</strong></span> <span class='ocrx_word' id='word_1_11' title='bbox 1946 374 2307 466; x_wconf 71' lang='lat' dir='ltr'><strong>Scriptores</strong></span> <span class='ocrx_word' id='word_1_12' title='bbox 2347 341 2742 464; x_wconf 42' lang='lat' dir='ltr'><strong>sequutum*</strong></span> 
     </span>
    </p>
   </div>
   <div class='ocr_carea' id='block_1_3' title="bbox 233 475 2726 574">
    <p class='ocr_par' dir='ltr' id='par_1_3' title="bbox 233 475 2726 574">
     <span class='ocr_line' id='line_1_3' title="bbox 233 475 2726 574; baseline -0.006 -18"><span class='ocrx_word' id='word_1_13' title='bbox 233 490 243 501; x_wconf 82' lang='grc'><strong>”</strong></span> <span class='ocrx_word' id='word_1_14' title='bbox 316 491 412 555; x_wconf 87' lang='lat' dir='ltr'><strong>ita</strong></span> <span class='ocrx_word' id='word_1_15' title='bbox 450 477 703 574; x_wconf 78' lang='lat' dir='ltr'><strong>reliqua</strong></span> <span class='ocrx_word' id='word_1_16' title='bbox 744 507 959 551; x_wconf 89' lang='lat' dir='ltr'><strong>rerum</strong></span> <span class='ocrx_word' id='word_1_17' title='bbox 1003 505 1165 571; x_wconf 85' lang='lat' dir='ltr'><strong>paca</strong></span> <span class='ocrx_word' id='word_1_18' title='bbox 1208 475 1285 547; x_wconf 79' lang='lat' dir='ltr'><strong>&#39;ac</strong></span> <span class='ocrx_word' id='word_1_19' title='bbox 1322 479 1502 546; x_wconf 86' lang='lat' dir='ltr'><strong>bello</strong></span> <span class='ocrx_word' id='word_1_20' title='bbox 1545 491 1875 567; x_wconf 83' lang='lat' dir='ltr'><strong>gestarum</strong></span> <span class='ocrx_word' id='word_1_21' title='bbox 1914 485 2243 544; x_wconf 81' lang='lat' dir='ltr'><strong>momenta</strong></span> <span class='ocrx_word' id='word_1_22' title='bbox 2289 498 2381 544; x_wconf 78' lang='lat' dir='ltr'><strong>ex</strong></span> <span class='ocrx_word' id='word_1_23' title='bbox 2426 499 2726 542; x_wconf 82' lang='lat' dir='ltr'><strong>eomm-</strong></span> 
     </span>
    </p>
   </div>
   <div class='ocr_carea' id='block_1_4' title="bbox 319 576 2724 768">
    <p class='ocr_par' dir='ltr' id='par_1_4' title="bbox 319 576 2724 768">
     <span class='ocr_line' id='line_1_4' title="bbox 321 576 2724 675; baseline -0.005 -20"><span class='ocrx_word' id='word_1_24' title='bbox 321 589 474 658; x_wconf 85' lang='lat' dir='ltr'><strong>dem</strong></span> <span class='ocrx_word' id='word_1_25' title='bbox 532 589 819 675; x_wconf 84' lang='lat' dir='ltr'><strong>scriptis,</strong></span> <span class='ocrx_word' id='word_1_26' title='bbox 873 605 1146 673; x_wconf 84' lang='lat' dir='ltr'><strong>quorum</strong></span> <span class='ocrx_word' id='word_1_27' title='bbox 1204 581 1452 669; x_wconf 75' lang='lat' dir='ltr'><strong>aliquot</strong></span> <span class='ocrx_word' id='word_1_28' title='bbox 1504 591 1788 645; x_wconf 86' lang='lat' dir='ltr'><strong>aetatem</strong></span> <span class='ocrx_word' id='word_1_29' title='bbox 1831 600 1960 644; x_wconf 88' lang='lat' dir='ltr'><strong>non</strong></span> <span class='ocrx_word' id='word_1_30' title='bbox 2001 577 2337 658; x_wconf 66' lang='lat' dir='ltr'><strong>tulerunt,¹</strong></span> <span class='ocrx_word' id='word_1_31' title='bbox 2370 576 2562 644; x_wconf 86' lang='lat' dir='ltr'><strong>fideli</strong></span> <span class='ocrx_word' id='word_1_32' title='bbox 2623 599 2724 643; x_wconf 76' lang='lat' dir='ltr'><strong>ao</strong></span> 
     </span>
     <span class='ocr_line' id='line_1_5' title="bbox 319 677 2722 768; baseline -0.005 -13"><span class='ocrx_word' id='word_1_33' title='bbox 319 689 526 755; x_wconf 78' lang='lat' dir='ltr'><strong>veluti</strong></span> <span class='ocrx_word' id='word_1_34' title='bbox 569 687 653 753; x_wconf 91' lang='lat' dir='ltr'><strong>ad</strong></span> <span class='ocrx_word' id='word_1_35' title='bbox 697 688 993 766; x_wconf 81' lang='lat' dir='ltr'><strong>veritatis</strong></span> <span class='ocrx_word' id='word_1_36' title='bbox 1032 677 1325 748; x_wconf 81' lang='lat' dir='ltr'><strong>libellam</strong></span> <span class='ocrx_word' id='word_1_37' title='bbox 1357 692 1596 747; x_wconf 82' lang='lat' dir='ltr'><strong>exacta</strong></span> <span class='ocrx_word' id='word_1_38' title='bbox 1627 682 1997 746; x_wconf 68' lang='lat' dir='ltr'><strong>narratione</strong></span> <span class='ocrx_word' id='word_1_39' title='bbox 2028 682 2429 768; x_wconf 79' lang='lat' dir='ltr'><strong>exsequitur.</strong></span> <span class='ocrx_word' id='word_1_40' title='bbox 2498 677 2722 744; x_wconf 79' lang='lat' dir='ltr'><strong>Istud</strong></span> 
     </span>
    </p>
   </div>
   <div class='ocr_carea' id='block_1_5' title="bbox 295 778 2722 870">
    <p class='ocr_par' dir='ltr' id='par_1_5' title="bbox 295 778 2722 870">
     <span class='ocr_line' id='line_1_6' title="bbox 295 778 2722 870; baseline -0.005 -15"><span class='ocrx_word' id='word_1_41' title='bbox 295 803 537 855; x_wconf 85' lang='lat' dir='ltr'><strong>-·autem</strong></span> <span class='ocrx_word' id='word_1_42' title='bbox 596 789 916 856; x_wconf 85' lang='lat' dir='ltr'><strong>eximium</strong></span> <span class='ocrx_word' id='word_1_43' title='bbox 958 783 1166 870; x_wconf 81' lang='lat' dir='ltr'><strong>Trogi</strong></span> <span class='ocrx_word' id='word_1_44' title='bbox 1221 804 1421 870; x_wconf 89' lang='lat' dir='ltr'><strong>opus,</strong></span> <span class='ocrx_word' id='word_1_45' title='bbox 1485 782 1998 869; x_wconf 77' lang='lat' dir='ltr'><strong>omissis‚¹quae</strong></span> <span class='ocrx_word' id='word_1_46' title='bbox 2059 792 2180 845; x_wconf 82' lang='lat' dir='ltr'><strong>nec</strong></span> <span class='ocrx_word' id='word_1_47' title='bbox 2242 778 2722 868; x_wconf 74' lang='lat' dir='ltr'><strong>cognoscendi</strong></span> 
     </span>
    </p>
   </div>
   <div class='ocr_carea' id='block_1_6' title="bbox 312 879 2724 1272">
    <p class='ocr_par' dir='ltr' id='par_1_6' title="bbox 312 879 2724 1272">
     <span class='ocr_line' id='line_1_7' title="bbox 319 879 2724 978; baseline -0.006 -20"><span class='ocrx_word' id='word_1_48' title='bbox 319 889 650 978; x_wconf 77' lang='lat' dir='ltr'><strong>voluptate</strong></span> <span class='ocrx_word' id='word_1_49' title='bbox 692 884 1013 966; x_wconf 87' lang='lat' dir='ltr'><strong>iucunda,</strong></span> <span class='ocrx_word' id='word_1_50' title='bbox 1066 905 1188 948; x_wconf 86' lang='lat' dir='ltr'><strong>nec</strong></span> <span class='ocrx_word' id='word_1_51' title='bbox 1229 879 1542 969; x_wconf 87' lang='lat' dir='ltr'><strong>exemplo</strong></span> <span class='ocrx_word' id='word_1_52' title='bbox 1586 894 1772 947; x_wconf 84' lang='lat' dir='ltr'><strong>erant</strong></span> <span class='ocrx_word' id='word_1_53' title='bbox 1810 883 2216 961; x_wconf 82' lang='lat' dir='ltr'><strong>necessaria,</strong></span> <span class='ocrx_word' id='word_1_54' title='bbox 2266 884 2337 947; x_wconf 87' lang='lat' dir='ltr'><strong>iu</strong></span> <span class='ocrx_word' id='word_1_55' title='bbox 2382 901 2724 967; x_wconf 79' lang='lat' dir='ltr'><strong>compen-</strong></span> 
     </span>
     <span class='ocr_line' id='line_1_8' title="bbox 320 980 2724 1076; baseline -0.006 -16"><span class='ocrx_word' id='word_1_56' title='bbox 320 992 506 1066; x_wconf 78' lang='lat' dir='ltr'><strong>dium</strong></span> <span class='ocrx_word' id='word_1_57' title='bbox 545 989 804 1076; x_wconf 84' lang='lat' dir='ltr'><strong>redegit</strong></span> <span class='ocrx_word' id='word_1_58' title='bbox 843 983 1165 1063; x_wconf 84' lang='lat' dir='ltr'><strong>Iustinus,</strong></span> <span class='ocrx_word' id='word_1_59' title='bbox 1205 1005 1397 1073; x_wconf 81' lang='lat' dir='ltr'><strong>quem</strong></span> <span class='ocrx_word' id='word_1_60' title='bbox 1437 984 1725 1070; x_wconf 89' lang='lat' dir='ltr'><strong>primarii</strong></span> <span class='ocrx_word' id='word_1_61' title='bbox 1763 981 2101 1048; x_wconf 82' lang='lat' dir='ltr'><strong>Ecclesiae</strong></span> <span class='ocrx_word' id='word_1_62' title='bbox 2144 984 2384 1048; x_wconf 85' lang='lat' dir='ltr'><strong>veteris</strong></span> <span class='ocrx_word' id='word_1_63' title='bbox 2413 980 2724 1058; x_wconf 68' lang='lat' dir='ltr'><strong>Antisti-</strong></span> 
     </span>
     <span class='ocr_line' id='line_1_9' title="bbox 312 1073 2721 1172; baseline -0.005 -14"><span class='ocrx_word' id='word_1_64' title='bbox 312 1073 424 1158; x_wconf 54' lang='grc' dir='ltr'><strong>ἦρι</strong></span> <span class='ocrx_word' id='word_1_65' title='bbox 466 1094 537 1158; x_wconf 87' lang='lat' dir='ltr'><strong>in</strong></span> <span class='ocrx_word' id='word_1_66' title='bbox 578 1088 1037 1156; x_wconf 85' lang='lat' dir='ltr'><strong>eruditissimis</strong></span> <span class='ocrx_word' id='word_1_67' title='bbox 1076 1087 1367 1172; x_wconf 82' lang='lat' dir='ltr'><strong>scriptis,</strong></span> <span class='ocrx_word' id='word_1_68' title='bbox 1410 1083 1642 1171; x_wconf 81' lang='lat' dir='ltr'><strong>quibus</strong></span> <span class='ocrx_word' id='word_1_69' title='bbox 1678 1082 1785 1150; x_wconf 81' lang='lat' dir='ltr'><strong>vel</strong></span> <span class='ocrx_word' id='word_1_70' title='bbox 1815 1082 2058 1149; x_wconf 83' lang='lat' dir='ltr'><strong>Divina</strong></span> <span class='ocrx_word' id='word_1_71' title='bbox 2086 1082 2364 1171; x_wconf 80' lang='lat' dir='ltr'><strong>Eloquia</strong></span> <span class='ocrx_word' id='word_1_72' title='bbox 2403 1080 2721 1148; x_wconf 75' lang='lat' dir='ltr'><strong>illustra·</strong></span> 
     </span>
     <span class='ocr_line' id='line_1_10' title="bbox 322 1182 2719 1272; baseline -0.005 -11"><span class='ocrx_word' id='word_1_73' title='bbox 322 1205 508 1272; x_wconf 81' lang='lat' dir='ltr'><strong>tunt,</strong></span> <span class='ocrx_word' id='word_1_74' title='bbox 567 1188 677 1256; x_wconf 60' lang='lat' dir='ltr'><strong>vel</strong></span> <span class='ocrx_word' id='word_1_75' title='bbox 721 1189 1206 1266; x_wconf 75' lang='lat' dir='ltr'><strong>sanctissimam</strong></span> <span class='ocrx_word' id='word_1_76' title='bbox 1264 1187 1335 1251; x_wconf 89' lang='lat' dir='ltr'><strong>in</strong></span> <span class='ocrx_word' id='word_1_77' title='bbox 1378 1184 1793 1271; x_wconf 76' lang='lat' dir='ltr'><strong>Servatorem</strong></span> <span class='ocrx_word' id='word_1_78' title='bbox 1835 1183 2058 1250; x_wconf 86' lang='lat' dir='ltr'><strong>mundi</strong></span> <span class='ocrx_word' id='word_1_79' title='bbox 2102 1183 2337 1250; x_wconf 84' lang='lat' dir='ltr'><strong>Fidem</strong></span> <span class='ocrx_word' id='word_1_80' title='bbox 2380 1182 2719 1249; x_wconf 79' lang='lat' dir='ltr'><strong>adseme-</strong></span> 
     </span>
    </p>
   </div>
   <div class='ocr_carea' id='block_1_7' title="bbox 172 1277 2716 1377">
    <p class='ocr_par' dir='ltr' id='par_1_7' title="bbox 172 1277 2716 1377">
     <span class='ocr_line' id='line_1_11' title="bbox 172 1277 2716 1377; baseline -0.003 -17"><span class='ocrx_word' id='word_1_81' title='bbox 172 1277 179 1286; x_wconf 62' lang='grc'><strong>’</strong></span> <span class='ocrx_word' id='word_1_82' title='bbox 321 1307 506 1373; x_wconf 88' lang='lat' dir='ltr'><strong>runt,</strong></span> <span class='ocrx_word' id='word_1_83' title='bbox 563 1305 627 1356; x_wconf 89' lang='lat' dir='ltr'><strong>et</strong></span> <span class='ocrx_word' id='word_1_84' title='bbox 678 1289 763 1354; x_wconf 90' lang='lat' dir='ltr'><strong>ad</strong></span> <span class='ocrx_word' id='word_1_85' title='bbox 807 1303 1101 1377; x_wconf 83' lang='lat' dir='ltr'><strong>posteros</strong></span> <span class='ocrx_word' id='word_1_86' title='bbox 1140 1297 1609 1375; x_wconf 75' lang='lat' dir='ltr'><strong>propagarunt,</strong></span> <span class='ocrx_word' id='word_1_87' title='bbox 1665 1306 1798 1372; x_wconf 77' lang='lat' dir='ltr'><strong>noa</strong></span> <span class='ocrx_word' id='word_1_88' title='bbox 1838 1282 2050 1362; x_wconf 75' lang='lat' dir='ltr'><strong>solum</strong></span> <span class='ocrx_word' id='word_1_89' title='bbox 2092 1284 2398 1364; x_wconf 87' lang='lat' dir='ltr'><strong>laudare,</strong></span> <span class='ocrx_word' id='word_1_90' title='bbox 2459 1305 2716 1374; x_wconf 65' lang='lat' dir='ltr'><strong>verum</strong></span> 
     </span>
    </p>
   </div>
   <div class='ocr_carea' id='block_1_8' title="bbox 321 1384 2715 2994">
    <p class='ocr_par' dir='ltr' id='par_1_8' title="bbox 321 1384 2715 2994">
     <span class='ocr_line' id='line_1_12' title="bbox 325 1384 2714 1475; baseline -0.004 -15"><span class='ocrx_word' id='word_1_91' title='bbox 325 1396 525 1461; x_wconf 85' lang='lat' dir='ltr'><strong>etiam</strong></span> <span class='ocrx_word' id='word_1_92' title='bbox 584 1390 763 1455; x_wconf 82' lang='lat' dir='ltr'><strong>illius</strong></span> <span class='ocrx_word' id='word_1_93' title='bbox 828 1388 1031 1454; x_wconf 82' lang='lat' dir='ltr'><strong>veluti</strong></span> <span class='ocrx_word' id='word_1_94' title='bbox 1072 1390 1445 1475; x_wconf 78' lang='lat' dir='ltr'><strong>gravissimi</strong></span> <span class='ocrx_word' id='word_1_95' title='bbox 1488 1387 1835 1474; x_wconf 83' lang='lat' dir='ltr'><strong>Scriptoris</strong></span> <span class='ocrx_word' id='word_1_96' title='bbox 1875 1386 2076 1451; x_wconf 83' lang='lat' dir='ltr'><strong>verba</strong></span> <span class='ocrx_word' id='word_1_97' title='bbox 2116 1384 2355 1452; x_wconf 91' lang='lat' dir='ltr'><strong>iisdem</strong></span> <span class='ocrx_word' id='word_1_98' title='bbox 2394 1388 2714 1451; x_wconf 81' lang='lat' dir='ltr'><strong>inserere</strong></span> 
     </span>
     <span class='ocr_line' id='line_1_13' title="bbox 321 1484 2714 1560; baseline -0.002 0"><span class='ocrx_word' id='word_1_99' title='bbox 321 1515 454 1560; x_wconf 86' lang='lat' dir='ltr'><strong>non</strong></span> <span class='ocrx_word' id='word_1_100' title='bbox 514 1490 909 1556; x_wconf 83' lang='lat' dir='ltr'><strong>dubitarunt.</strong></span> <span class='ocrx_word' id='word_1_101' title='bbox 1006 1488 1397 1556; x_wconf 71' lang='lat' dir='ltr'><strong>Persuasum</strong></span> <span class='ocrx_word' id='word_1_102' title='bbox 1452 1491 1625 1553; x_wconf 87' lang='lat' dir='ltr'><strong>enim</strong></span> <span class='ocrx_word' id='word_1_103' title='bbox 1683 1484 2012 1553; x_wconf 85' lang='lat' dir='ltr'><strong>habebant</strong></span> <span class='ocrx_word' id='word_1_104' title='bbox 2063 1488 2313 1552; x_wconf 82' lang='lat' dir='ltr'><strong>eximia</strong></span> <span class='ocrx_word' id='word_1_105' title='bbox 2351 1485 2470 1552; x_wconf 85' lang='lat' dir='ltr'><strong>illa</strong></span> <span class='ocrx_word' id='word_1_106' title='bbox 2513 1487 2714 1556; x_wconf 75' lang='lat' dir='ltr'><strong>orbi-</strong></span> 
     </span>
     <span class='ocr_line' id='line_1_14' title="bbox 324 1585 2715 1674; baseline -0.003 -15"><span class='ocrx_word' id='word_1_107' title='bbox 324 1592 677 1660; x_wconf 79' lang='lat' dir='ltr'><strong>Christiani</strong></span> <span class='ocrx_word' id='word_1_108' title='bbox 736 1590 1012 1670; x_wconf 83' lang='lat' dir='ltr'><strong>decora,</strong></span> <span class='ocrx_word' id='word_1_109' title='bbox 1066 1592 1135 1655; x_wconf 88' lang='lat' dir='ltr'><strong>iu</strong></span> <span class='ocrx_word' id='word_1_110' title='bbox 1180 1587 1303 1653; x_wconf 86' lang='lat' dir='ltr'><strong>hoc</strong></span> <span class='ocrx_word' id='word_1_111' title='bbox 1340 1587 1574 1654; x_wconf 86' lang='lat' dir='ltr'><strong>florum</strong></span> <span class='ocrx_word' id='word_1_112' title='bbox 1614 1585 1996 1674; x_wconf 87' lang='lat' dir='ltr'><strong>corpusculo</strong></span> <span class='ocrx_word' id='word_1_113' title='bbox 2040 1608 2082 1653; x_wconf 87' lang='lat' dir='ltr'><strong>a</strong></span> <span class='ocrx_word' id='word_1_114' title='bbox 2120 1587 2370 1654; x_wconf 86' lang='lat' dir='ltr'><strong>Iustino</strong></span> <span class='ocrx_word' id='word_1_115' title='bbox 2410 1610 2715 1654; x_wconf 85' lang='lat' dir='ltr'><strong>comme·</strong></span> 
     </span>
     <span class='ocr_line' id='line_1_15' title="bbox 323 1673 2712 1776; baseline -0.004 -13"><span class='ocrx_word' id='word_1_116' title='bbox 323 1695 565 1763; x_wconf 87' lang='lat' dir='ltr'><strong>morari</strong></span> <span class='ocrx_word' id='word_1_117' title='bbox 613 1689 1101 1766; x_wconf 74' lang='lat' dir='ltr'><strong>memorabilem</strong></span> <span class='ocrx_word' id='word_1_118' title='bbox 1144 1691 1337 1755; x_wconf 88' lang='lat' dir='ltr'><strong>istam</strong></span> <span class='ocrx_word' id='word_1_119' title='bbox 1379 1690 1691 1776; x_wconf 82' lang='lat' dir='ltr'><strong>temporis</strong></span> <span class='ocrx_word' id='word_1_120' title='bbox 1729 1687 2109 1776; x_wconf 87' lang='lat' dir='ltr'><strong>periodum,</strong></span> <span class='ocrx_word' id='word_1_121' title='bbox 2165 1703 2232 1754; x_wconf 88' lang='lat' dir='ltr'><strong>et</strong></span> <span class='ocrx_word' id='word_1_122' title='bbox 2270 1673 2408 1756; x_wconf 70' lang='lat' dir='ltr'><strong>ista‘</strong></span> <span class='ocrx_word' id='word_1_123' title='bbox 2437 1686 2712 1754; x_wconf 80' lang='lat' dir='ltr'><strong>seculo-</strong></span> 
     </span>
     <span class='ocr_line' id='line_1_16' title="bbox 323 1786 2712 1880; baseline -0.003 -18"><span class='ocrx_word' id='word_1_124' title='bbox 323 1818 470 1862; x_wconf 87' lang='lat' dir='ltr'><strong>rum</strong></span> <span class='ocrx_word' id='word_1_125' title='bbox 512 1795 681 1871; x_wconf 83' lang='lat' dir='ltr'><strong>fata‚</strong></span> <span class='ocrx_word' id='word_1_126' title='bbox 724 1814 932 1880; x_wconf 90' lang='lat' dir='ltr'><strong>quae,</strong></span> <span class='ocrx_word' id='word_1_127' title='bbox 972 1804 1320 1876; x_wconf 83' lang='lat' dir='ltr'><strong>autequam</strong></span> <span class='ocrx_word' id='word_1_128' title='bbox 1362 1793 1741 1869; x_wconf 84' lang='lat' dir='ltr'><strong>evenirent,</strong></span> <span class='ocrx_word' id='word_1_129' title='bbox 1782 1786 2140 1855; x_wconf 66' lang='lat' dir='ltr'><strong>Israelitico</strong></span> <span class='ocrx_word' id='word_1_130' title='bbox 2182 1787 2420 1878; x_wconf 90' lang='lat' dir='ltr'><strong>populo</strong></span> <span class='ocrx_word' id='word_1_131' title='bbox 2460 1791 2535 1854; x_wconf 84' lang='lat' dir='ltr'><strong>in</strong></span> <span class='ocrx_word' id='word_1_132' title='bbox 2582 1811 2712 1854; x_wconf 74' lang='lat' dir='ltr'><strong>va-</strong></span> 
     </span>
     <span class='ocr_line' id='line_1_17' title="bbox 325 1879 2714 1977; baseline -0.003 -14"><span class='ocrx_word' id='word_1_133' title='bbox 325 1898 570 1964; x_wconf 82' lang='lat' dir='ltr'><strong>ticiniis</strong></span> <span class='ocrx_word' id='word_1_134' title='bbox 627 1895 767 1959; x_wconf 87' lang='lat' dir='ltr'><strong>suis</strong></span> <span class='ocrx_word' id='word_1_135' title='bbox 807 1907 958 1957; x_wconf 89' lang='lat' dir='ltr'><strong>ante</strong></span> <span class='ocrx_word' id='word_1_136' title='bbox 1000 1879 1470 1977; x_wconf 73' lang='lat' dir='ltr'><strong>praedixerant</strong></span> <span class='ocrx_word' id='word_1_137' title='bbox 1514 1892 1655 1956; x_wconf 80' lang='lat' dir='ltr'><strong>veri</strong></span> <span class='ocrx_word' id='word_1_138' title='bbox 1699 1892 1935 1956; x_wconf 88' lang='lat' dir='ltr'><strong>mentis</strong></span> <span class='ocrx_word' id='word_1_139' title='bbox 1976 1889 2263 1956; x_wconf 86' lang='lat' dir='ltr'><strong>Divinae</strong></span> <span class='ocrx_word' id='word_1_140' title='bbox 2306 1892 2714 1977; x_wconf 66' lang='lat' dir='ltr'><strong>interprete:</strong></span> 
     </span>
     <span class='ocr_line' id='line_1_18' title="bbox 323 1987 2713 2084; baseline -0.004 -21"><span class='ocrx_word' id='word_1_141' title='bbox 323 1995 710 2084; x_wconf 77' lang='lat' dir='ltr'><strong>Prophetae.</strong></span> <span class='ocrx_word' id='word_1_142' title='bbox 779 1992 886 2058; x_wconf 87' lang='lat' dir='ltr'><strong>Ab</strong></span> <span class='ocrx_word' id='word_1_143' title='bbox 928 1990 1032 2056; x_wconf 81' lang='lat' dir='ltr'><strong>his</strong></span> <span class='ocrx_word' id='word_1_144' title='bbox 1079 1989 1286 2077; x_wconf 75' lang='lat' dir='ltr'><strong>Cyrus</strong></span> <span class='ocrx_word' id='word_1_145' title='bbox 1328 1991 1742 2070; x_wconf 87' lang='lat' dir='ltr'><strong>nominatim,</strong></span> <span class='ocrx_word' id='word_1_146' title='bbox 1784 1989 2027 2056; x_wconf 85' lang='lat' dir='ltr'><strong>Darius</strong></span> <span class='ocrx_word' id='word_1_147' title='bbox 2066 1988 2482 2058; x_wconf 83' lang='lat' dir='ltr'><strong>Codomanus</strong></span> <span class='ocrx_word' id='word_1_148' title='bbox 2524 1987 2713 2078; x_wconf 79' lang='lat' dir='ltr'><strong>figu-</strong></span> 
     </span>
     <span class='ocr_line' id='line_1_19' title="bbox 324 2079 2714 2179; baseline -0.002 -17"><span class='ocrx_word' id='word_1_149' title='bbox 324 2110 467 2170; x_wconf 82' lang='lat' dir='ltr'><strong>rate</strong></span> <span class='ocrx_word' id='word_1_150' title='bbox 507 2079 705 2161; x_wconf 79' lang='lat' dir='ltr'><strong>Aries</strong></span> <span class='ocrx_word' id='word_1_151' title='bbox 733 2138 755 2173; x_wconf 93' lang='lat'><strong>,</strong></span> <span class='ocrx_word' id='word_1_152' title='bbox 813 2106 878 2158; x_wconf 89' lang='lat' dir='ltr'><strong>et</strong></span> <span class='ocrx_word' id='word_1_153' title='bbox 918 2092 1028 2179; x_wconf 85' lang='lat' dir='ltr'><strong>qui</strong></span> <span class='ocrx_word' id='word_1_154' title='bbox 1068 2090 1255 2158; x_wconf 87' lang='lat' dir='ltr'><strong>illum</strong></span> <span class='ocrx_word' id='word_1_155' title='bbox 1299 2089 1746 2174; x_wconf 79' lang='lat' dir='ltr'><strong>debellaturus</strong></span> <span class='ocrx_word' id='word_1_156' title='bbox 1776 2090 1982 2172; x_wconf 81' lang='lat' dir='ltr'><strong>foret,</strong></span> <span class='ocrx_word' id='word_1_157' title='bbox 2024 2091 2413 2158; x_wconf 78' lang='lat' dir='ltr'><strong>Alexander</strong></span> <span class='ocrx_word' id='word_1_158' title='bbox 2451 2090 2714 2158; x_wconf 71' lang='lat' dir='ltr'><strong>Hircun</strong></span> 
     </span>
     <span class='ocr_line' id='line_1_20' title="bbox 328 2174 2712 2286; baseline -0.002 -21"><span class='ocrx_word' id='word_1_159' title='bbox 328 2212 636 2270; x_wconf 80' lang='lat' dir='ltr'><strong>cornutus</strong></span> <span class='ocrx_word' id='word_1_160' title='bbox 708 2192 1089 2282; x_wconf 84' lang='lat' dir='ltr'><strong>appellatur.</strong></span> <span class='ocrx_word' id='word_1_161' title='bbox 1197 2191 1326 2257; x_wconf 90' lang='lat' dir='ltr'><strong>Hic</strong></span> <span class='ocrx_word' id='word_1_162' title='bbox 1385 2192 1562 2274; x_wconf 83' lang='lat' dir='ltr'><strong>enim</strong></span> <span class='ocrx_word' id='word_1_163' title='bbox 1581 2238 1605 2273; x_wconf 92' lang='lat'><strong>,</strong></span> <span class='ocrx_word' id='word_1_164' title='bbox 1690 2174 2078 2279; x_wconf 82' lang='lat' dir='ltr'><strong>dignissima</strong></span> <span class='ocrx_word' id='word_1_165' title='bbox 2136 2192 2439 2259; x_wconf 84' lang='lat' dir='ltr'><strong>Herculis</strong></span> <span class='ocrx_word' id='word_1_166' title='bbox 2500 2204 2712 2286; x_wconf 75' lang='lat' dir='ltr'><strong>atque</strong></span> 
     </span>
     <span class='ocr_line' id='line_1_21' title="bbox 323 2292 2711 2383; baseline -0.002 -14"><span class='ocrx_word' id='word_1_167' title='bbox 323 2297 632 2371; x_wconf 54' lang='lat' dir='ltr'><strong>Achillis,</strong></span> <span class='ocrx_word' id='word_1_168' title='bbox 678 2294 980 2375; x_wconf 82' lang='lat' dir='ltr'><strong>suboles,</strong></span> <span class='ocrx_word' id='word_1_169' title='bbox 1078 2294 1274 2383; x_wconf 76' lang='lat' dir='ltr'><strong>aequi</strong></span> <span class='ocrx_word' id='word_1_170' title='bbox 1341 2292 1658 2382; x_wconf 79' lang='lat' dir='ltr'><strong>bonique·</strong></span> <span class='ocrx_word' id='word_1_171' title='bbox 1695 2295 1936 2380; x_wconf 85' lang='lat' dir='ltr'><strong>peritia</strong></span> <span class='ocrx_word' id='word_1_172' title='bbox 2013 2307 2205 2383; x_wconf 85' lang='lat' dir='ltr'><strong>atque</strong></span> <span class='ocrx_word' id='word_1_173' title='bbox 2277 2297 2459 2362; x_wconf 88' lang='lat' dir='ltr'><strong>omui</strong></span> <span class='ocrx_word' id='word_1_174' title='bbox 2529 2294 2711 2365; x_wconf 85' lang='lat' dir='ltr'><strong>libe-</strong></span> 
     </span>
     <span class='ocr_line' id='line_1_22' title="bbox 324 2392 2710 2486; baseline -0 -19"><span class='ocrx_word' id='word_1_175' title='bbox 324 2400 453 2470; x_wconf 88' lang='lat' dir='ltr'><strong>rali</strong></span> <span class='ocrx_word' id='word_1_176' title='bbox 513 2396 861 2486; x_wconf 70' lang='lat' dir='ltr'><strong>disciplina</strong></span> <span class='ocrx_word' id='word_1_177' title='bbox 911 2395 994 2462; x_wconf 91' lang='lat' dir='ltr'><strong>ab</strong></span> <span class='ocrx_word' id='word_1_178' title='bbox 1054 2392 1333 2479; x_wconf 73' lang='lat' dir='ltr'><strong>inclyto,</strong></span> <span class='ocrx_word' id='word_1_179' title='bbox 1393 2407 1462 2460; x_wconf 84' lang='lat' dir='ltr'><strong>et</strong></span> <span class='ocrx_word' id='word_1_180' title='bbox 1503 2392 1739 2469; x_wconf 75' lang='lat' dir='ltr'><strong>studiis</strong></span> <span class='ocrx_word' id='word_1_181' title='bbox 1783 2408 1978 2483; x_wconf 84' lang='lat' dir='ltr'><strong>atque</strong></span> <span class='ocrx_word' id='word_1_182' title='bbox 2021 2393 2319 2464; x_wconf 86' lang='lat' dir='ltr'><strong>doctrina</strong></span> <span class='ocrx_word' id='word_1_183' title='bbox 2361 2411 2710 2486; x_wconf 77' lang='lat' dir='ltr'><strong>praestan-</strong></span> 
     </span>
     <span class='ocr_line' id='line_1_23' title="bbox 328 2486 2712 2587; baseline -0.001 -17"><span class='ocrx_word' id='word_1_184' title='bbox 328 2503 585 2571; x_wconf 83' lang='lat' dir='ltr'><strong>tissimo</strong></span> <span class='ocrx_word' id='word_1_185' title='bbox 622 2495 1012 2587; x_wconf 86' lang='lat' dir='ltr'><strong>philosopho</strong></span> <span class='ocrx_word' id='word_1_186' title='bbox 1052 2492 1414 2561; x_wconf 81' lang='lat' dir='ltr'><strong>Aristotele</strong></span> <span class='ocrx_word' id='word_1_187' title='bbox 1461 2494 1784 2574; x_wconf 76' lang='lat' dir='ltr'><strong>imbutus,</strong></span> <span class='ocrx_word' id='word_1_188' title='bbox 1824 2508 1974 2582; x_wconf 85' lang='lat' dir='ltr'><strong>post</strong></span> <span class='ocrx_word' id='word_1_189' title='bbox 2016 2496 2262 2563; x_wconf 87' lang='lat' dir='ltr'><strong>obitum</strong></span> <span class='ocrx_word' id='word_1_190' title='bbox 2287 2486 2504 2585; x_wconf 55' lang='lat' dir='ltr'><strong>&gt;patris</strong></span> <span class='ocrx_word' id='word_1_191' title='bbox 2545 2497 2712 2567; x_wconf 83' lang='lat' dir='ltr'><strong>Phi-</strong></span> 
     </span>
     <span class='ocr_line' id='line_1_24' title="bbox 327 2593 2710 2691; baseline 0 -24"><span class='ocrx_word' id='word_1_192' title='bbox 327 2603 526 2691; x_wconf 86' lang='lat' dir='ltr'><strong>lippi,</strong></span> <span class='ocrx_word' id='word_1_193' title='bbox 574 2601 688 2688; x_wconf 80' lang='lat' dir='ltr'><strong>qui</strong></span> <span class='ocrx_word' id='word_1_194' title='bbox 743 2595 993 2665; x_wconf 85' lang='lat' dir='ltr'><strong>humile</strong></span> <span class='ocrx_word' id='word_1_195' title='bbox 1053 2593 1232 2662; x_wconf 86' lang='lat' dir='ltr'><strong>istud</strong></span> <span class='ocrx_word' id='word_1_196' title='bbox 1284 2607 1479 2685; x_wconf 76' lang='lat' dir='ltr'><strong>atque</strong></span> <span class='ocrx_word' id='word_1_197' title='bbox 1536 2594 1876 2663; x_wconf 84' lang='lat' dir='ltr'><strong>sordidum</strong></span> <span class='ocrx_word' id='word_1_198' title='bbox 1932 2596 2367 2664; x_wconf 75' lang='lat' dir='ltr'><strong>Macedoniae</strong></span> <span class='ocrx_word' id='word_1_199' title='bbox 2422 2598 2710 2687; x_wconf 74' lang='lat' dir='ltr'><strong>reguum</strong></span> 
     </span>
     <span class='ocr_line' id='line_1_25' title="bbox 327 2688 2707 2789; baseline 0 -21"><span class='ocrx_word' id='word_1_200' title='bbox 327 2698 570 2775; x_wconf 66' lang='lat' dir='ltr'><strong>,virtute</strong></span> <span class='ocrx_word' id='word_1_201' title='bbox 625 2720 747 2762; x_wconf 88' lang='lat' dir='ltr'><strong>sua</strong></span> <span class='ocrx_word' id='word_1_202' title='bbox 802 2711 995 2786; x_wconf 80' lang='lat' dir='ltr'><strong>atque</strong></span> <span class='ocrx_word' id='word_1_203' title='bbox 1049 2693 1344 2763; x_wconf 87' lang='lat' dir='ltr'><strong>sollertia</strong></span> <span class='ocrx_word' id='word_1_204' title='bbox 1406 2696 1575 2762; x_wconf 87' lang='lat' dir='ltr'><strong>adeo</strong></span> <span class='ocrx_word' id='word_1_205' title='bbox 1621 2695 1875 2764; x_wconf 77' lang='lat' dir='ltr'><strong>illustre</strong></span> <span class='ocrx_word' id='word_1_206' title='bbox 1922 2697 2342 2789; x_wconf 76' lang='lat' dir='ltr'><strong>reddiderat,</strong></span> <span class='ocrx_word' id='word_1_207' title='bbox 2392 2716 2465 2765; x_wconf 84' lang='lat' dir='ltr'><strong>ut</strong></span> <span class='ocrx_word' id='word_1_208' title='bbox 2508 2688 2707 2770; x_wconf 61' lang='lat' dir='ltr'><strong>illusa</strong></span> 
     </span>
     <span class='ocr_line' id='line_1_26' title="bbox 330 2795 2706 2883; baseline -0 -13"><span class='ocrx_word' id='word_1_209' title='bbox 330 2797 647 2871; x_wconf 84' lang='lat' dir='ltr'><strong>Thessali</strong></span> <span class='ocrx_word' id='word_1_210' title='bbox 685 2812 753 2863; x_wconf 85' lang='lat' dir='ltr'><strong>et</strong></span> <span class='ocrx_word' id='word_1_211' title='bbox 791 2796 995 2883; x_wconf 74' lang='lat' dir='ltr'><strong>Illyrii</strong></span> <span class='ocrx_word' id='word_1_212' title='bbox 1042 2795 1415 2877; x_wconf 75' lang='lat' dir='ltr'><strong>Victorem,</strong></span> <span class='ocrx_word' id='word_1_213' title='bbox 1473 2798 1710 2865; x_wconf 81' lang='lat' dir='ltr'><strong>Graeci</strong></span> <span class='ocrx_word' id='word_1_214' title='bbox 1752 2796 1993 2864; x_wconf 85' lang='lat' dir='ltr'><strong>nullius</strong></span> <span class='ocrx_word' id='word_1_215' title='bbox 2037 2801 2298 2879; x_wconf 76' lang='lat' dir='ltr'><strong>externi</strong></span> <span class='ocrx_word' id='word_1_216' title='bbox 2340 2801 2706 2870; x_wconf 78' lang='lat' dir='ltr'><strong>dominium</strong></span> 
     </span>
     <span class='ocr_line' id='line_1_27' title="bbox 331 2896 2710 2994; baseline 0 -27"><span class='ocrx_word' id='word_1_217' title='bbox 331 2905 551 2994; x_wconf 73' lang='lat' dir='ltr'><strong>passi,</strong></span> <span class='ocrx_word' id='word_1_218' title='bbox 590 2899 845 2966; x_wconf 88' lang='lat' dir='ltr'><strong>Ducem</strong></span> <span class='ocrx_word' id='word_1_219' title='bbox 886 2896 1262 2983; x_wconf 75' lang='lat' dir='ltr'><strong>salutarint,</strong></span> <span class='ocrx_word' id='word_1_220' title='bbox 1304 2920 1451 2964; x_wconf 90' lang='lat' dir='ltr'><strong>cum</strong></span> <span class='ocrx_word' id='word_1_221' title='bbox 1494 2900 1743 2984; x_wconf 77' lang='lat' dir='ltr'><strong>exigua</strong></span> <span class='ocrx_word' id='word_1_222' title='bbox 1786 2899 2120 2986; x_wconf 89' lang='lat' dir='ltr'><strong>copiarum</strong></span> <span class='ocrx_word' id='word_1_223' title='bbox 2159 2922 2390 2981; x_wconf 89' lang='lat' dir='ltr'><strong>manu,</strong></span> <span class='ocrx_word' id='word_1_224' title='bbox 2434 2906 2710 2992; x_wconf 71' lang='lat' dir='ltr'><strong>triginta</strong></span> 
     </span>
    </p>
   </div>
   <div class='ocr_carea' id='block_1_9' title="bbox 188 2997 2786 3101">
    <p class='ocr_par' dir='ltr' id='par_1_9' title="bbox 188 2997 2786 3101">
     <span class='ocr_line' id='line_1_28' title="bbox 188 2997 2786 3101; baseline -0.002 -27"><span class='ocrx_word' id='word_1_225' title='bbox 188 3090 198 3101; x_wconf 83' lang='lat'><em>.</em></span> <span class='ocrx_word' id='word_1_226' title='bbox 332 3002 626 3079; x_wconf 78' lang='lat' dir='ltr'><strong>millibus</strong></span> <span class='ocrx_word' id='word_1_227' title='bbox 655 2998 946 3087; x_wconf 85' lang='lat' dir='ltr'><strong>peditum</strong></span> <span class='ocrx_word' id='word_1_228' title='bbox 968 3043 991 3078; x_wconf 87' lang='lat'><strong>,</strong></span> <span class='ocrx_word' id='word_1_229' title='bbox 1037 3001 1322 3087; x_wconf 81' lang='lat' dir='ltr'><strong>equitum</strong></span> <span class='ocrx_word' id='word_1_230' title='bbox 1351 3001 1675 3088; x_wconf 80' lang='lat' dir='ltr'><strong>quinque,</strong></span> <span class='ocrx_word' id='word_1_231' title='bbox 1718 2997 2213 3091; x_wconf 81' lang='lat' dir='ltr'><strong>Hellespontum</strong></span> <span class='ocrx_word' id='word_1_232' title='bbox 2240 3003 2711 3084; x_wconf 74' lang='lat' dir='ltr'><strong>transfretavit,</strong></span> <span class='ocrx_word' id='word_1_233' title='bbox 2785 3020 2786 3027; x_wconf 53' lang='lat'>¹</span> 
     </span>
    </p>
   </div>
   <div class='ocr_carea' id='block_1_10' title="bbox 334 3096 2786 3593">
    <p class='ocr_par' dir='ltr' id='par_1_10' title="bbox 334 3096 2786 3593">
     <span class='ocr_line' id='line_1_29' title="bbox 334 3096 2714 3189; baseline 0.005 -28"><span class='ocrx_word' id='word_1_234' title='bbox 334 3117 438 3185; x_wconf 51' lang='lat' dir='ltr'><strong>fit,</strong></span> <span class='ocrx_word' id='word_1_235' title='bbox 491 3106 833 3189; x_wconf 75' lang='lat' dir='ltr'><strong>‘postquam</strong></span> <span class='ocrx_word' id='word_1_236' title='bbox 874 3096 1149 3164; x_wconf 80' lang='lat' dir='ltr'><strong>Darium</strong></span> <span class='ocrx_word' id='word_1_237' title='bbox 1193 3096 1642 3173; x_wconf 87' lang='lat' dir='ltr'><strong>Codomanum</strong></span> <span class='ocrx_word' id='word_1_238' title='bbox 1696 3103 1896 3167; x_wconf 86' lang='lat' dir='ltr'><strong>totius</strong></span> <span class='ocrx_word' id='word_1_239' title='bbox 1938 3098 2228 3168; x_wconf 85' lang='lat' dir='ltr'><strong>Orientis</strong></span> <span class='ocrx_word' id='word_1_240' title='bbox 2269 3105 2518 3170; x_wconf 79' lang='lat' dir='ltr'><strong>viribus</strong></span> <span class='ocrx_word' id='word_1_241' title='bbox 2561 3127 2714 3173; x_wconf 82' lang='lat' dir='ltr'><strong>suc-</strong></span> 
     </span>
     <span class='ocr_line' id='line_1_30' title="bbox 336 3196 2786 3295; baseline 0.001 -24"><span class='ocrx_word' id='word_1_242' title='bbox 336 3207 617 3271; x_wconf 81' lang='lat' dir='ltr'><strong>cinctum</strong></span> <span class='ocrx_word' id='word_1_243' title='bbox 672 3198 878 3266; x_wconf 86' lang='lat' dir='ltr'><strong>tribus</strong></span> <span class='ocrx_word' id='word_1_244' title='bbox 934 3196 1199 3286; x_wconf 74' lang='lat' dir='ltr'><strong>praeliis</strong></span> <span class='ocrx_word' id='word_1_245' title='bbox 1239 3217 1699 3286; x_wconf 80' lang='lat' dir='ltr'><strong>superaverat,</strong></span> <span class='ocrx_word' id='word_1_246' title='bbox 1751 3205 1820 3267; x_wconf 90' lang='lat' dir='ltr'><strong>in</strong></span> <span class='ocrx_word' id='word_1_247' title='bbox 1861 3199 2118 3268; x_wconf 84' lang='lat' dir='ltr'><strong>Indiam</strong></span> <span class='ocrx_word' id='word_1_248' title='bbox 2161 3225 2368 3292; x_wconf 85' lang='lat' dir='ltr'><strong>usque</strong></span> <span class='ocrx_word' id='word_1_249' title='bbox 2404 3198 2713 3295; x_wconf 76' lang='lat' dir='ltr'><strong>penetra-</strong></span> <span class='ocrx_word' id='word_1_250' title='bbox 2785 3196 2786 3199; x_wconf 24' lang='lat'>¹</span> 
     </span>
     <span class='ocr_line' id='line_1_31' title="bbox 335 3300 2716 3397; baseline 0.003 -29"><span class='ocrx_word' id='word_1_251' title='bbox 335 3305 452 3368; x_wconf 80' lang='lat' dir='ltr'><strong>vit.</strong></span> <span class='ocrx_word' id='word_1_252' title='bbox 541 3300 677 3366; x_wconf 85' lang='lat' dir='ltr'><strong>Hic</strong></span> <span class='ocrx_word' id='word_1_253' title='bbox 713 3300 1021 3395; x_wconf 49' lang='lat' dir='ltr'><strong>prosima</strong></span> <span class='ocrx_word' id='word_1_254' title='bbox 1062 3322 1313 3389; x_wconf 81' lang='lat' dir='ltr'><strong>quaque</strong></span> <span class='ocrx_word' id='word_1_255' title='bbox 1357 3303 1631 3369; x_wconf 80' lang='lat' dir='ltr'><strong>victoria</strong></span> <span class='ocrx_word' id='word_1_256' title='bbox 1672 3303 1855 3370; x_wconf 81' lang='lat' dir='ltr'><strong>velut</strong></span> <span class='ocrx_word' id='word_1_257' title='bbox 1899 3305 2327 3397; x_wconf 75' lang='lat' dir='ltr'><strong>instrumento</strong></span> <span class='ocrx_word' id='word_1_258' title='bbox 2371 3311 2716 3395; x_wconf 81' lang='lat' dir='ltr'><strong>sequentis</strong></span> 
     </span>
     <span class='ocr_line' id='line_1_32' title="bbox 335 3398 2714 3503; baseline 0.003 -35"><span class='ocrx_word' id='word_1_259' title='bbox 335 3425 528 3503; x_wconf 75' lang='lat' dir='ltr'><strong>usus,</strong></span> <span class='ocrx_word' id='word_1_260' title='bbox 587 3422 735 3466; x_wconf 88' lang='lat' dir='ltr'><strong>cum</strong></span> <span class='ocrx_word' id='word_1_261' title='bbox 798 3398 977 3465; x_wconf 86' lang='lat' dir='ltr'><strong>nullo</strong></span> <span class='ocrx_word' id='word_1_262' title='bbox 1030 3399 1218 3466; x_wconf 88' lang='lat' dir='ltr'><strong>hoste</strong></span> <span class='ocrx_word' id='word_1_263' title='bbox 1260 3422 1645 3489; x_wconf 81' lang='lat' dir='ltr'><strong>congressus</strong></span> <span class='ocrx_word' id='word_1_264' title='bbox 1685 3405 1851 3485; x_wconf 72' lang='lat' dir='ltr'><strong>fuit,</strong></span> <span class='ocrx_word' id='word_1_265' title='bbox 1905 3427 2095 3494; x_wconf 81' lang='lat' dir='ltr'><strong>quem</strong></span> <span class='ocrx_word' id='word_1_266' title='bbox 2136 3426 2269 3472; x_wconf 88' lang='lat' dir='ltr'><strong>nou</strong></span> <span class='ocrx_word' id='word_1_267' title='bbox 2313 3410 2575 3487; x_wconf 76' lang='lat' dir='ltr'><strong>vicerit3</strong></span> <span class='ocrx_word' id='word_1_268' title='bbox 2631 3412 2714 3477; x_wconf 83' lang='lat' dir='ltr'><strong>in</strong></span> 
     </span>
     <span class='ocr_line' id='line_1_33' title="bbox 337 3498 2712 3593; baseline 0.005 -26"><span class='ocrx_word' id='word_1_269' title='bbox 337 3507 549 3591; x_wconf 77' lang='lat' dir='ltr'><strong>victos</strong></span> <span class='ocrx_word' id='word_1_270' title='bbox 608 3499 778 3565; x_wconf 89' lang='lat' dir='ltr'><strong>adeo</strong></span> <span class='ocrx_word' id='word_1_271' title='bbox 837 3498 1157 3581; x_wconf 84' lang='lat' dir='ltr'><strong>clemens,</strong></span> <span class='ocrx_word' id='word_1_272' title='bbox 1213 3517 1285 3568; x_wconf 87' lang='lat' dir='ltr'><strong>ut</strong></span> <span class='ocrx_word' id='word_1_273' title='bbox 1329 3525 1553 3570; x_wconf 88' lang='lat' dir='ltr'><strong>eorum</strong></span> <span class='ocrx_word' id='word_1_274' title='bbox 1596 3504 1745 3571; x_wconf 89' lang='lat' dir='ltr'><strong>aliis</strong></span> <span class='ocrx_word' id='word_1_275' title='bbox 1788 3527 2028 3593; x_wconf 77' lang='lat' dir='ltr'><strong>regna,</strong></span> <span class='ocrx_word' id='word_1_276' title='bbox 2083 3506 2316 3593; x_wconf 83' lang='lat' dir='ltr'><strong>quibus</strong></span> <span class='ocrx_word' id='word_1_277' title='bbox 2358 3510 2501 3575; x_wconf 89' lang='lat' dir='ltr'><strong>iure</strong></span> <span class='ocrx_word' id='word_1_278' title='bbox 2538 3509 2712 3578; x_wconf 83' lang='lat' dir='ltr'><strong>belli</strong></span> 
     </span>
    </p>
   </div>
   <div class='ocr_carea' id='block_1_11' title="bbox 234 3599 2713 3692">
    <p class='ocr_par' dir='ltr' id='par_1_11' title="bbox 234 3599 2713 3692">
     <span class='ocr_line' id='line_1_34' title="bbox 234 3599 2713 3692; baseline 0.002 -18"><span class='ocrx_word' id='word_1_279' title='bbox 234 3606 253 3617; x_wconf 81' lang='lat'><strong><em>‘</em></strong></span> <span class='ocrx_word' id='word_1_280' title='bbox 337 3601 746 3681; x_wconf 87' lang='lat' dir='ltr'><strong>exciderant,</strong></span> <span class='ocrx_word' id='word_1_281' title='bbox 787 3599 936 3666; x_wconf 88' lang='lat' dir='ltr'><strong>aliis</strong></span> <span class='ocrx_word' id='word_1_282' title='bbox 965 3600 1321 3683; x_wconf 86' lang='lat' dir='ltr'><strong>meliorem,</strong></span> <span class='ocrx_word' id='word_1_283' title='bbox 1349 3626 1542 3692; x_wconf 80' lang='lat' dir='ltr'><strong>quam</strong></span> <span class='ocrx_word' id='word_1_284' title='bbox 1568 3604 1922 3685; x_wconf 82' lang='lat' dir='ltr'><strong>habehant,</strong></span> <span class='ocrx_word' id='word_1_285' title='bbox 1952 3605 2276 3673; x_wconf 85' lang='lat' dir='ltr'><strong>fortunam</strong></span> <span class='ocrx_word' id='word_1_286' title='bbox 2307 3608 2713 3678; x_wconf 83' lang='lat' dir='ltr'><strong>reddiderit:</strong></span> 
     </span>
    </p>
   </div>
   <div class='ocr_carea' id='block_1_12' title="bbox 334 3700 2784 4311">
    <p class='ocr_par' dir='ltr' id='par_1_12' title="bbox 334 3700 2784 4311">
     <span class='ocr_line' id='line_1_35' title="bbox 338 3700 2715 3794; baseline 0.005 -26"><span class='ocrx_word' id='word_1_287' title='bbox 338 3704 618 3787; x_wconf 78' lang='lat' dir='ltr'><strong>aliorum</strong></span> <span class='ocrx_word' id='word_1_288' title='bbox 662 3700 748 3766; x_wconf 88' lang='lat' dir='ltr'><strong>de</strong></span> <span class='ocrx_word' id='word_1_289' title='bbox 787 3701 1294 3789; x_wconf 84' lang='lat' dir='ltr'><strong>praefectorum,</strong></span> <span class='ocrx_word' id='word_1_290' title='bbox 1336 3727 1381 3769; x_wconf 88' lang='lat' dir='ltr'><strong>a</strong></span> <span class='ocrx_word' id='word_1_291' title='bbox 1424 3705 1657 3794; x_wconf 85' lang='lat' dir='ltr'><strong>quibus</strong></span> <span class='ocrx_word' id='word_1_292' title='bbox 1704 3706 1928 3772; x_wconf 84' lang='lat' dir='ltr'><strong>durius</strong></span> <span class='ocrx_word' id='word_1_293' title='bbox 1970 3707 2227 3774; x_wconf 83' lang='lat' dir='ltr'><strong>fuerant</strong></span> <span class='ocrx_word' id='word_1_294' title='bbox 2270 3714 2546 3791; x_wconf 80' lang='lat' dir='ltr'><strong>tractati,</strong></span> <span class='ocrx_word' id='word_1_295' title='bbox 2589 3712 2715 3779; x_wconf 74' lang='lat' dir='ltr'><strong>ob-</strong></span> 
     </span>
     <span class='ocr_line' id='line_1_36' title="bbox 334 3802 2713 3900; baseline 0.004 -30"><span class='ocrx_word' id='word_1_296' title='bbox 334 3806 691 3873; x_wconf 80' lang='lat' dir='ltr'><strong>stinatione</strong></span> <span class='ocrx_word' id='word_1_297' title='bbox 733 3815 927 3891; x_wconf 83' lang='lat' dir='ltr'><strong>atque</strong></span> <span class='ocrx_word' id='word_1_298' title='bbox 965 3802 1314 3877; x_wconf 77' lang='lat' dir='ltr'><strong>insolentia</strong></span> <span class='ocrx_word' id='word_1_299' title='bbox 1348 3820 1697 3893; x_wconf 67' lang='lat' dir='ltr'><strong>querentes</strong></span> <span class='ocrx_word' id='word_1_300' title='bbox 1735 3804 1990 3893; x_wconf 77' lang='lat' dir='ltr'><strong>legatos</strong></span> <span class='ocrx_word' id='word_1_301' title='bbox 2023 3828 2151 3874; x_wconf 88' lang='lat' dir='ltr'><strong>non</strong></span> <span class='ocrx_word' id='word_1_302' title='bbox 2183 3807 2395 3876; x_wconf 85' lang='lat' dir='ltr'><strong>solum</strong></span> <span class='ocrx_word' id='word_1_303' title='bbox 2417 3809 2713 3900; x_wconf 78' lang='lat' dir='ltr'><strong>benigne</strong></span> 
     </span>
     <span class='ocr_line' id='line_1_37' title="bbox 341 3902 2784 3997; baseline 0.002 -26"><span class='ocrx_word' id='word_1_304' title='bbox 341 3902 713 3979; x_wconf 55' lang='lat' dir='ltr'><strong>admiserim</strong></span> <span class='ocrx_word' id='word_1_305' title='bbox 773 3925 1001 3968; x_wconf 83' lang='lat' dir='ltr'><strong>verum</strong></span> <span class='ocrx_word' id='word_1_306' title='bbox 1043 3906 1240 3991; x_wconf 78' lang='lat' dir='ltr'><strong>etiam</strong></span> <span class='ocrx_word' id='word_1_307' title='bbox 1286 3907 1555 3973; x_wconf 87' lang='lat' dir='ltr'><strong>eosdem</strong></span> <span class='ocrx_word' id='word_1_308' title='bbox 1603 3909 1673 3971; x_wconf 89' lang='lat' dir='ltr'><strong>in</strong></span> <span class='ocrx_word' id='word_1_309' title='bbox 1714 3923 2061 3994; x_wconf 87' lang='lat' dir='ltr'><strong>conspectu</strong></span> <span class='ocrx_word' id='word_1_310' title='bbox 2101 3906 2469 3997; x_wconf 80' lang='lat' dir='ltr'><strong>legatorum</strong></span> <span class='ocrx_word' id='word_1_311' title='bbox 2511 3915 2715 3980; x_wconf 78' lang='lat' dir='ltr'><strong>truci-</strong></span> <span class='ocrx_word' id='word_1_312' title='bbox 2783 3964 2784 3977; x_wconf 67' lang='grc'>,</span> 
     </span>
     <span class='ocr_line' id='line_1_38' title="bbox 343 4002 2784 4094; baseline 0.005 -23"><span class='ocrx_word' id='word_1_313' title='bbox 343 4005 490 4072; x_wconf 88' lang='lat' dir='ltr'><strong>dari</strong></span> <span class='ocrx_word' id='word_1_314' title='bbox 545 4003 838 4070; x_wconf 82' lang='lat' dir='ltr'><strong>iusserit:</strong></span> <span class='ocrx_word' id='word_1_315' title='bbox 888 4002 1065 4071; x_wconf 79' lang='lat' dir='ltr'><strong>feras</strong></span> <span class='ocrx_word' id='word_1_316' title='bbox 1119 4027 1374 4094; x_wconf 81' lang='lat' dir='ltr'><strong>quoqne</strong></span> <span class='ocrx_word' id='word_1_317' title='bbox 1428 4020 1494 4073; x_wconf 83' lang='lat' dir='ltr'><strong>et</strong></span> <span class='ocrx_word' id='word_1_318' title='bbox 1547 4009 1863 4075; x_wconf 83' lang='lat' dir='ltr'><strong>immanes</strong></span> <span class='ocrx_word' id='word_1_319' title='bbox 1904 4010 2201 4075; x_wconf 80' lang='lat' dir='ltr'><strong>nationes</strong></span> <span class='ocrx_word' id='word_1_320' title='bbox 2244 4013 2316 4077; x_wconf 84' lang='lat' dir='ltr'><strong>in</strong></span> <span class='ocrx_word' id='word_1_321' title='bbox 2360 4034 2576 4079; x_wconf 85' lang='lat' dir='ltr'><strong>mores</strong></span> <span class='ocrx_word' id='word_1_322' title='bbox 2619 4015 2713 4081; x_wconf 88' lang='lat' dir='ltr'><strong>ri·</strong></span> <span class='ocrx_word' id='word_1_323' title='bbox 2783 4054 2784 4057; x_wconf 61' lang='lat'><em>=</em></span> 
     </span>
     <span class='ocr_line' id='line_1_39' title="bbox 336 4103 2710 4200; baseline 0.004 -29"><span class='ocrx_word' id='word_1_324' title='bbox 336 4122 608 4195; x_wconf 69' lang='lat' dir='ltr'><strong>,tumque</strong></span> <span class='ocrx_word' id='word_1_325' title='bbox 648 4103 1097 4171; x_wconf 87' lang='lat' dir='ltr'><strong>humaniorem</strong></span> <span class='ocrx_word' id='word_1_326' title='bbox 1140 4106 1456 4173; x_wconf 83' lang='lat' dir='ltr'><strong>formarit.</strong></span> <span class='ocrx_word' id='word_1_327' title='bbox 1535 4105 1665 4172; x_wconf 90' lang='lat' dir='ltr'><strong>Hic</strong></span> <span class='ocrx_word' id='word_1_328' title='bbox 1705 4108 1907 4194; x_wconf 78' lang='lat' dir='ltr'><strong>igitur</strong></span> <span class='ocrx_word' id='word_1_329' title='bbox 1951 4115 2213 4177; x_wconf 86' lang='lat' dir='ltr'><strong>nomine</strong></span> <span class='ocrx_word' id='word_1_330' title='bbox 2257 4111 2523 4200; x_wconf 86' lang='lat' dir='ltr'><strong>quidem</strong></span> <span class='ocrx_word' id='word_1_331' title='bbox 2557 4111 2710 4179; x_wconf 82' lang='lat' dir='ltr'><strong>Ma—</strong></span> 
     </span>
     <span class='ocr_line' id='line_1_40' title="bbox 343 4205 2710 4311; baseline 0.004 -37"><span class='ocrx_word' id='word_1_332' title='bbox 343 4227 551 4303; x_wconf 60' lang='lat' dir='ltr'><strong>gnus,</strong></span> <span class='ocrx_word' id='word_1_333' title='bbox 595 4226 819 4272; x_wconf 84' lang='lat' dir='ltr'><strong>verum</strong></span> <span class='ocrx_word' id='word_1_334' title='bbox 858 4205 1057 4275; x_wconf 83' lang='lat' dir='ltr'><strong>rebus</strong></span> <span class='ocrx_word' id='word_1_335' title='bbox 1099 4210 1305 4295; x_wconf 79' lang='lat' dir='ltr'><strong>gestis</strong></span> <span class='ocrx_word' id='word_1_336' title='bbox 1347 4222 1413 4275; x_wconf 84' lang='lat' dir='ltr'><strong>et</strong></span> <span class='ocrx_word' id='word_1_337' title='bbox 1456 4207 1801 4311; x_wconf 72' lang='lat' dir='ltr'><strong>virtutibus</strong></span> <span class='ocrx_word' id='word_1_338' title='bbox 1831 4207 2515 4292; x_wconf 76' lang='lat' dir='ltr'><strong>Maximus,&#39;.divinae</strong></span> <span class='ocrx_word' id='word_1_339' title='bbox 2553 4238 2710 4304; x_wconf 86' lang='lat' dir='ltr'><strong>pro-</strong></span> 
     </span>
    </p>
   </div>
  </div>
 </body>
</html>
