2813 4694
648 260 763 393 m
805 263 1231 345 ms'rmi
1285 267 1485 335 um.
1526 269 1582 336 1.
1641 269 1857 371 cAP.
1895 214 2022 340 in.
2379 276 2517 347 ,133

132 458 801 539 videmur‘argamenta
816 502 836 533 ,
875 476 1025 537 quae
1066 477 1171 535 per
1228 461 1628 540 syllogismum
1681 462 1852 523 nobis
1907 466 1993 525 sic
2046 482 2251 527 eruere
2298 465 2508 541 placet.

136 544 314 603 Prior
356 545 442 601 ita
480 562 548 601 se
582 545 833 603 habeat:
925 544 1267 622 Quicunque
1325 565 1441 604 non
1486 558 1699 625 potest
1766 553 2084 609 sustinere·
2119 550 2400 620 molesta,
2453 550 2512 606 is

136 628 338 685 mollis
374 631 583 707 potius
645 642 705 690 et
764 631 1180 708 effeminatus
1238 648 1416 707 quam
1460 632 1666 702 fortis
1724 642 1818 690 est
1875 634 2178 692 dicendus.
2278 632 2360 691 At
2401 634 2514 710 *qui

133 722 594 790 paupertatem·
606 723 727 771 aut*
759 733 1015 772 amorem
1075 712 1346 790 aliasque
1405 711 1743 773 huiusmodi
1798 717 2205 776 adversitates
2246 717 2509 793 fugiens

146 813 218 852 sc
261 799 386 873 ipse
434 797 771 870 interficit,
830 798 1116 876 quaedam
1174 796 1422 855 molesta
1476 799 1776 871 suptt'nere
1829 818 1945 857 non
1994 811 2223 878 potest.
2321 798 2393 857 E..
2455 801 2510 857 is

143 879 341 937 mollis
388 884 601 957 potins
662 894 776 939 etc.
837 892 939 940 ese-
982 880 1282 939 dicendus.
1342 880 1674 941 ,Posterius
1729 892 1926 939 autem
1976 894 2416 962 argumentum,
2475 886 2514 939 a'

145 961 271 1020 fine
307 964 700 1036 fortitudinis,
759 964 945 1039 quem'
974 962 1338 1030 honestatem
1382 983 1514 1022 esse
1552 984 1732 1041 nemo³
1784 967 2035 1041 prudens
2094 968 2267 1025 facile
2329 985 2509 1046 nega-

145 1047 335 1119 verit,
385 1040 630 1121 'petitum
688 1058 796 1106 est.
912 1046 1259 1125 Quicunque
1323 1060 1567 1107 mortem
1621 1050 1921 1129 intrepide
1965 1053 2211 1128 quidem
2266 1052 2512 1129 adeunt,

139 1149 263 1188 mn
304 1141 503 1191 tamen
541 1132 875 1192 honestatis
914 1135 1161 1209 gratia,
1204 1133 1312 1191 sed
1349 1143 1418 1192 ut
1461 1132 1636 1189 malis
1693 1150 1759 1192 se
1811 1135 2175 1205 subducant,
2228 1135 2279 1192 iz·
2315 1137 2511 1192 neuti—
2639 1158 2646 1165 .

141 1234 325 1292 quam
369 1218 782 1291 samsonem,-
824 1217 934 1275 sed
971 1209 1317 1291 αὐτόχειρες
1370 1225 1618 1275 mortem
1669 1218 1967 1296 intrepide
2009 1220 2241 1294 quidem
2268 1218 2512 1288 adeunt,

139 1312 263 1357 non
307 1309 504 1359 tamen
542 1298 879 1365 honesmis
925 1302 1141 1377 gratia
1185 1309 1296 1357 etc.
1378 1297 1450 1355 Ε.
1503 1291 1844 1378 αὐτόχειρες
1911 1320 2025 1359 non
2085 1311 2226 1359 sunt
2272 1301 2508 1373 fortes.

136 1380 225 1440 Et
264 1400 344 1438 ex
383 1382 496 1442 hac
539 1384 775 1458 quidem
814 1384 1142 1441 Aristotelis
1198 1385 1490 1458 palaestra
1541 1385 1735 1458 plures
1792 1384 2004 1442 deinde
2061 1386 2207 1441 alios
2266 1384 2513 1449 eandem

135 1465 409 1524 hausisse
453 1469 805 1525 sententiam
832 1477 1057 1529 ,monet
1108 1466 1335 1543 Lipsius
1393 1468 1470 1524 ad
1526 1467 1718 1526 Taciti
1758 1464 1914 1525 Hist.
1968 1466 2069 1524 lib.
2114 1466 2188 1525 11.
2245 1486 2368 1542 cap.
2406 1464 2509 1529 46.

135 1550 355 1624 Neque
410 1550 623 1635 dubito‘
671 1552 1052 1630 August-inum
1106 1570 1177 1608 eo
1230 1553 1569 1623 commate,
1641 1552 1872 1626 quando
1929 1551 2031 1609 lib.
2087 1550 2132 1609 1.
2188 1551 2261 1608 de
2314 1550 2378 1609 C.
2430 1550 2512 1611 D.

141 1652 278 1708 cap.
336 1635 437 1697 22.
497 1645 744 1695 mertem
798 1636 1183 1695 voluntariam
1254 1635 1328 1693 ad
1395 1637 1577 1703 animi
1631 1637 2093 1714 magnitudinem
2147 1651 2512 1712 nequaquam
2587 1696 2594 1701 ,

133 1720 449 1795 pertinere
488 1714 811 1779 luculenter
849 1721 1123 1779 ostendit.
1216 1720 1493 1778 Eiusdem
1544 1721 1859 1799 Augustini
1915 1731 2086 1795 caput
2123 1717 2358 1779 XXIII.
2394 1716 2512 1776 huc

140 1804 415 1876 apprime
454 1813 712 1878 spectat,
744 1814 942 1879 utpote
982 1807 1044 1862 in
1083 1822 1197 1881 quo
1238 1815 1442 1863 contra
1478 1806 1610 1862 illos
1652 1805 1944 1879 disputat,
1987 1807 2088 1881 qui
2128 1803 2514 1883 ignominiam

141 1886 225 1944 ab
272 1885 440 1943 hoste
484 1889 703 1946 victore
734 1890 878 1946 alias
918 1889 1351 1964 perpetiendum
1392 1899 1460 1946 ut
1503 1889 1832 1958 declinent,
1874 1887 1945 1945 ab
2005 1884 2358 1974 αὐτοχειρία
2413 1906 2512 1944 re-
2627 1912 2634 1919 ·

142 1970 411 2028 medium
442 1982 673 2046 petunt3
733 1973 833 2030 ubi
883 1974 1146 2048 inprimis
1191 1971 1427 2030 Catonis
1466 1972 1686 2031 factum
1728 1974 2103 2053 perstringit,
2153 1973 2308 2059 quod
2366 1972 2512 2031 alias

142 2056 769 2133 certatim.enarrant,
827 2058 944 2114 imo
1006 2058 1235 2115 eximiis
1297 2058 1502 2136 elogiis
1561 2068 1774 2115 ornant
1805 2055 2039 2116 1Cicero
2094 2057 2194 2115 lib.
2233 2055 2277 2114 1.
2339 2054 2508 2113 Offic.
2585 2086 2606 2105 κ

138 2150 208 2197 et
252 2130 424 2197 Tdsc.
484 2142 717 2209 Quaest.
758 2141 860 2200 lib.
904 2140 952 2199 1.
996 2153 1054 2199 et
1095 2140 1195 2199 lib.
1238 2130 1350 2200 IX.
1405 2140 1593 2215 Epist.
1632 2140 1680 2199 F
1682 2142 1838 2201 amil.
1885 2141 1981 2203 18.
2053 2139 2280 2200 Seneca
2321 2138 2513 2215 Epist.
2629 2158 2636 2167 ·

134 2218 247 2283 24.
291 2234 350 2281 et
392 2223 492 2284 67.
536 2225 602 2282 it.
648 2226 720 2282 de
767 2225 986 2300 Tranq.
1025 2224 1221 2285 Animi
1262 2243 1385 2299 cap.
1437 2222 1532 2287 15.
1578 2226 1651 2283 de
1693 2225 1927 2285 Provid.
1973 2243 2097 2301 cap.
2136 2227 2195 2286 2.
2278 2223 2512 2283 Hirtius

140 2307 219 2366 de
262 2306 424 2366 Bello
464 2310 645 2369 Afric.
707 2328 832 2385 cap.
879 2309 981 2371 88.
1054 2300 1251 2369 Livius
1308 2310 1412 2368 lib.
1456 2308 1619 2369 XIV.
1693 2310 1808 2369 Dio
1865 2302 2095 2370 Cassius
2150 2309 2260 2368 lib.
2317 2305 2513 2368 XLII.

135 2393 435 2467 Appianus
479 2394 552 2451 de
594 2389 951 2452 BelL'Civil.
994 2394 1094 2454 lib.
1137 2393 1210 2454 Π.
1251 2393 1459 2452 Florus
1499 2393 1597 2451 lv.
1639 2396 1701 2456 2.
1744 2397 1844 2456 70.
1900 2393 2248 2458 Plutarchus
2290 2395 2352 2451 in
2374 2392 2516 2449 Vita
2625 2441 2630 2444 .

141 2494 275 2551 eap.
317 2475 421 2537 89.
481 2469 715 2536 Gellius
742 2479 844 2536 lib.
885 2477 1019 2537 XV.
1063 2479 1181 2552 18.,
1214 2477 1438 2537 Plinius
1486 2477 1564 2535 Η.
1604 2478 1679 2537 Ν.
1716 2477 1787 2536 V.
1832 2475 1890 2540 4.
1935 2490 2048 2538 eto.
2093 2489 2159 2537 et
2199 2496 2276 2535 ex
2313 2476 2514 2535 Poetis

124 2558 423 2619 Horatius
462 2563 562 2620 lib.
596 2561 671 2620 11.
715 2561 825 2621 Od.
870 2561 920 2620 Ι.
968 2582 1054 2621 vs.
1097 2552 1198 2623 24.
1231 2561 1522 2636 ‚Lucana
1573 2563 1673 2620 lib.
1715 2562 1826 2621 IX.
1884 2582 1969 2622 vs.
2010 2563 2149 2624 601.
2206 2559 2512 2636 Στωϊκίζιι

136 2655 342 2710 autem
386 2645 482 2704 hic
524 2645 777 2705 lustinus
838 2656 1065 2706 noster.
1135 2644 1339 2704 Stoici.
1361 2648 1515 2705 enim
1559 2641 1945 2725 αὐτοχειρίαν
1984 2647 2302 2722 aliquando·
2331 2649 2514 2705 licere

140 2726 462 2805 putabant,
506 2749 611 2806 pro
651 2733 843 2805 patria
878 2749 1088 2806 nempe
1131 2741 1192 2788 et
1235 2732 1471 2805 amicis,
1511 2734 1576 2791 in
1617 2733 1800 2790 animi
1838 2741 2012 2808 atque
2055 2734 2310 2807 corporis
2353 2729 2512 2788 insa-

137 2813 372 2873 nabun:
411 2815 639 2886 dolore,
683 2818 746 2873 in
788 2825 1050 2873 extremo
1091 2816 1290 2887 senio,
1348 2818 1466 2874 imo
1502 2816 1676 2875 rebus
1722 2818 1911 2873 etiam.
1937 2817 2108 2874 lactis
2152 2827 2213 2874 et
2270 2831 2510 2891 corpore

88 2903 95 2906 “
138 2895 375 2956 valido:
417 2899 491 2955 ob
537 2900 964 2969 damnationem
995 2899 1243 2977 denique
1271 2899 1581 2975 publicam,
1612 2910 1713 2957 aut
1749 2902 2011 2975 quamvis
2054 2902 2224 2958 aliam
2257 2901 2510 2980 ignomi-

16 3043 23 3048 ,
135 2984 304 3040 niam
342 2984 706 3042 iniuriamve.
748 2983 829 3042 Et
856 2983 968 3042 hoc
996 2985 1233 3061 quiden»
1262 2983 1499 3046 Stoicae
1526 2996 1724 3043 sectae
1752 2986 1964 3062 dogma
1988 2979 2245 3059 pluribus
2279 2985 2511 3043 erudite

140 3068 431 3141 explicat,
476 3069 756 3128 eruditius
796 3079 991 3126 autem
1032 3087 1171 3126 mox
1222 3070 1452 3142 reiicit,
1509 3078 1570 3127 ct
1619 3069 1856 3143 minime
1917 3070 2131 3142 licere,
2185 3069 2518 3127 rationibus·

142 3162 208 3208 et
251 3153 598 3211 testimoniis
623 3153 894 3210 ‘declarat
929 3152 1155 3227 Lipsius
1197 3152 1297 3210 lib.
1340 3152 1445 3211 111.
1490 3151 1825 3210 Manuduct.
1866 3152 1944 3210 ad
1980 3151 2309 3229 Philosoph.
2353 3153 2513 3213 Stoi-

144 3254 283 3294 eam
338 3235 565 3295 dissert.
607 3235 814 3295 XXII.
859 3247 919 3294 et
960 3235 1197 3295 XXIII.
1231 3255 1372 3313 quas
1422 3238 1864 3298 dissertationes
1905 3256 2010 3295 suo
2053 3236 2516 3315 Polymnemoni,

140 3321 348 3394 operi,
388 3330 456 3378 ut
500 3322 764 3399 equidem
807 3331 978 3396 puto,
1024 3321 1252 3377 erudito
1293 3321 1573 3392 inseruit,
1619 3331 1682 3404 et
1730 3322 1966 3399 elegans
2019 3322 2254 3397 insuper
2310 3334 2514 3381 aucta-

136 3406 302 3463 tium
356 3404 571 3463 adiecit
620 3404 907 3463 lohannes
962 3403 1241 3483 Magirus.
1334 3403 1467 3480 Ipse
1521 3415 1718 3463 tamen
1757 3404 2016 3480 Lipsius,
2071 3409 2226 3481 quod
2266 3409 2517 3478 mireris,

140 3483 533 3565 αὐτοχειρίαν
579 3490 719 3548 alibi
762 3491 1127 3548 defensurus
1182 3489 1446 3561 videtur,
1506 3489 1666 3547 dum·
1694 3490 1967 3548 videlicet
2023 3492 2097 3549 ad
2152 3492 2267 3549 ista
2319 3491 2516 3550 Taciti

134 3574 262 3632 loc.
303 3571 458 3632 laud.
540 3572 776 3633 Maiore
815 3576 1010 3631 animo
1053 3572 1313 3632 tolerari
1370 3573 1632 3632 adversa
1687 3593 1862 3654 quam
1913 3575 2176 3654 relinqui
2191 3596 2215 3633 .·
2277 3596 2342 3634 se
2389 3595 2516 3656 pro

138 3656 373 3716 Stoicis
413 3668 647 3716 scutum
686 3657 906 3717 habere
945 3657 1184 3729 scribit,
1243 3659 1401 3735 quod
1455 3670 1748 3737 opponat,
1804 3660 1928 3715 nisi
1976 3669 2215 3735 vetaret
2270 3661 2510 3739 religio.

139 3739 229 3800 Et
270 3740 383 3799 hoe
420 3753 645 3817 scutum
664 3782 685 3816 ,
729 3740 1166 3816 exceptionibus
1206 3751 1404 3799 tamen
1440 3744 1734 3799 nonnullis
1789 3739 2075 3800 munitum
2132 3761 2208 3801 ex
2264 3747 2515 3804 armario

142 3844 258 3885 suo
301 3827 586 3901 depromit
628 3825 794 3885 Ceut.
837 3824 911 3883 ΙΙ.
948 3825 1132 3901 Epist.
1171 3824 1339 3884 Mine.
1382 3826 1484 3886 22.
1531 3836 1590 3884 et
1626 3826 1904 3884 audacius
1941 3837 2082 3900 puta
2122 3828 2412 3889 vibrasset.
2451 3832 2516 3888 in

143 3908 411 3969 Thrasea
449 3930 589 3983 suo,
631 3912 734 3969 ubi
778 3913 971 3968 locum
1029 3911 1209 3967 istum
1270 3909 1580 3988 magnifice
1638 3920 2027 3984 tractaverat,
2084 3916 2208 3971 nisi
2264 3917 2514 3987 iudicia,

146 4003 211 4052 et
254 4004 324 4053 ut
373 3997 500 4071 ipse
556 3997 846 4071 appellat,
902 4011 1073 4053 voces
1128 3993 1483 4066 calumniosi
1534 3998 1670 4054 aevi
1721 3996 2029 4053 timuisses
2128 3995 2377 4071 Verum,
2437 4017 2515 4055 ne

150 4080 285 4154 quis
324 4099 421 4138 me
462 4090 629 4138 tanto
670 4082 799 4147 viro
834 4079 1106 4137 iniuriam
1146 4078 1343 4135 facere
1399 4087 1604 4152 putet,
1656 4081 1815 4158 legat
1870 4097 1940 4135 ea
1995 4098 2143 4156 quae
2196 4081 2373 4140 habet
2425 4083 2519 4141 vlr

73 4172 93 4189 ⁰
144 4165 393 4242 ingenio
435 4166 655 4239 pariter
697 4173 759 4221 et
811 4163 1028 4221 iudicio
1066 4157 1596 4238 praestantissimus
1637 4161 1962 4238 christoph.
2002 4165 2255 4224 Adamus
2296 4164 2521 4239 Ruper-

148 4257 248 4306 tus
289 4249 529 4308 dissert.
563 4248 641 4306 ad
673 4246 805 4328 val.
843 4244 923 4305 M.
967 4241 1071 4305 lib.
1102 4243 1179 4304 11.
1237 4262 1360 4324 cap.
1402 4247 1463 4307 6.
1517 4263 1648 4326 pag.
1690 4248 1832 4310 160.
1880 4257 1942 4303 et
1982 4256 2107 4310 tum
2145 4248 2327 4324 Lipsii
2361 4249 2521 4308 dicta

147 4334 256 4391 rix
298 4335 433 4393 sine
472 4331 791 4406 impietatis
830 4332 1161 4406 suspicione
1202 4331 1326 4411 legi
1359 4330 1657 4391 iudicabit.
1741 4328 2013 4390 Ceterum
2061 4331 2201 4406 quid
2244 4334 2538 4396 miramur-
2587 4329 2596 4336 “
