2813 4694
267 269 396 346 438
793 263 1107 335 noc-r.
1150 233 1404 333 nom.
1449 259 2155 336 COMMENTAR.

272 459 376 521 lib.
413 457 466 517 1.
509 457 656 518 Bell.
697 456 851 518 Gall.
895 456 1160 518 Sisenna
1202 455 1353 533 apud
1391 441 1669 518 Nonium.
1713 417 1951 515 'Verum
1991 464 2197 516 contra
2236 454 2419 516 libros
2459 475 2668 518 omnes

276 545 513 602 omnino
558 554 679 600 tam
734 544 892 634 ²5:1³1·
946 560 1118 618 quam
1173 559 1349 599 manu
1408 558 1749 615 expressos,
1810 539 1954 598 nihil
2013 544 2198 600 ausim
2253 535 2351 600 hic
2416 553 2668 617 mutare,

147 633 154 642 ‘
275 630 531 689 maxime
575 647 707 686 cum
749 627 1120 687 emolumenti
1159 642 1279 685 vox
1319 627 1576 698 apprime
1616 623 1731 682 hue
1772 627 2104 683 conveniat.
2184 621 2463 685 Brumae.

243 769 250 784 ,
445 711 825 771 ΒΥΖΑΝΤΙΗΜ.
925 710 992 768 ld
1034 711 1285 768 tentavit
1325 706 1658 784 Philippus,
1724 710 1879 784 quod
1939 707 2290 782 Perinthiis,
2351 726 2499 784 quos
2563 709 2671 770 ob-

277 795 470 856 sessos
511 796 780 868 tenebat,
835 794 883 853 B
959 794 1145 858 antini
1190 793 1410 851 auxilia
1452 793 1766 854 misissent.
1880 791 2023 852 Cum
2069 812 2209 872 ergo
2254 794 2666 868 arbitraretur,

253 881 530 956 -optimos
574 895 829 958 quosque
918 878 1216 952 erinthum
1250 878 1498 951 missos,
1553 891 1686 936 cum
1725 888 1893 953 parte
1940 879 2236 953 copiarum
2291 875 2670 958 προσέπεσεν
2788 879 2789 882 ’

279 958 460 1044 ἄφνω
502 966 592 1046 τῷ
633 959 969 1045 Βυζαντίῳ.
1052 962 1228 1023 Diod.
1273 980 1428 1019 anno
1496 959 1646 1021 XX.
1704 971 1766 1019 et
1825 955 2002 1022 xxl.
2084 961 2178 1020 De
2230 961 2511 1040 Byzantii
2567 982 2671 1039 ap-

280 1048 593 1124 pellatione
648 1048 786 1106 vide
842 1046 1213 1105 Eustathium
1271 1047 1333 1103 in
1392 1046 1641 1122 Dionys.
1716 1056 1780 1104 et
1835 1045 2197 1123 Stephanum
2251 1047 2327 1105 de
2386 1046 2669 1107 Urbibus.

280 1133 438 1191 Ante
492 1128 686 1208 Lygos
749 1132 1006 1204 dictum,
1071 1130 1223 1191 Pliu.
1268 1127 1367 1188 IV.
1426 1128 1803 1194 Cassiodorus
1855 1132 1937 1188 in·
1981 1128 2193 1189 Chron.
2248 1129 2410 1189 Tulli
2462 1129 2671 1191 Hosti-

281 1216 350 1274 lii
388 1214 742 1289 temporibus
799 1215 1102 1276 conditum
1162 1214 1389 1276 scribit.
1489 1213 1640 1274 Vide
1698 1224 1760 1274 et
1822 1213 2094 1275 Tacitum
2144 1215 2353 1274 Annal.
2410 1214 2561 1274 ΧΠ.
2606 1219 2668 1280 3.

281 1299 596 1360 Bonosus.
1790 1305 1795 1312 '
2454 1341 2461 1352 .

455 1380 973 1442 Rscnnscnwu.
1053 1377 1149 1441 Ita
1190 1399 1363 1457 supra
1401 1379 1481 1440 11.
1527 1378 1625 1443 15.
1668 1381 1728 1443 3.
1828 1379 2073 1441 Graecis
2130 1383 2394 1458 apposite
2452 1381 2670 1443 dieitur

279 1457 702 1546 ὁρμητήριον,
750 1483 866 1540 qua
907 1485 1052 1526 voce
1094 1465 1385 1525 Diodorus
1428 1465 1582 1526 XX.
1629 1461 1767 1529 105.
1810 1475 1874 1524 et
1900 1541 1909 1545 -
1933 1467 2037 1525 alii
2094 1478 2358 1525 utuntur.
2442 1466 2671 1528 Urbe-s

219 1589 228 1600 κ
277 1562 467 1631 caput
509 1551 650 1610 belen·
688 1561 862 1610 vocat
901 1550 1105 1609 Florus
1148 1548 1252 1610 ul.
1305 1551 1399 1611 10.
1439 1546 1541 1610 40.
1639 1547 1906 1608 Brumae.

271 1657 276 1666 ·
335 1655 341 1666 ·
431 1637 548 1694 ‘An
594 1651 766 1696 emus
806 1648 1273 1714 nmonumsmuu
1311 1665 1403 1676 --
1447 1649 1754 1693 nuruum.
1808 1634 1973 1693 Tert.
2018 1643 2206 1712 quart.
2236 1633 2399 1695 Leid.
2435 1634 2668 1696 Thuan.

283 1718 376 1779 ed.
419 1716 589 1778 Rom.
630 1721 694 1777 in
738 1722 906 1778 cuius
947 1719 1116 1778 smol.
1181 1713 1340 1778 Med.
1387 1716 1566 1797 Magn.
1610 1728 1797 1796 quart.
1841 1721 2028 1793 quint.
2072 1719 2233 1777 Leid.
2277 1719 2458 1778 Bech.
2516 1720 2665 1781 Ven.

215 1829 222 1848 ι
277 1804 438 1864 Flor.
515 1802 697 1861 Med..
727 1803 911 1861 Paris.
973 1800 1101 1861 Ald.
1129 1859 1130 1862 ,
1162 1800 1316 1860 lunt.
1364 1803 1692 1876 futurum,
1771 1814 1840 1861 ut
1917 1802 1993 1862 ad
2050 1807 2282 1879 propius
2342 1803 2667 1864 substanti-

280 1907 424 1948 vum
462 1887 771 2030 &seratum
856 1885 1003 1945 Vide
1048 1885 1133 1945 Cl.
1178 1884 1657 1962 Oudendorpium
1700 1881 1777 1952 ad
1817 1885 2167 1947 Suetonium
2224 1888 2332 1947 lul.
2392 1907 2522 1966 cap.
2564 1889 2669 1952 56.

280 1973 459 2037 Ana..
526 1986 750 2030 nonov.

453 2056 797 2122 Ossmlont:
833 2066 1070 2114 cmxlr.
1151 2052 1244 2113 Ad
1287 2069 1455 2126 opem
1507 2048 1812 2131 Byzantiis
1874 2054 2178 2116 ferendam
2234 2055 2667 2116 Demosthenes
2792 2015 2793 2064 ἶ

283 2119 554 2202 hortatur
593 2127 978 2197 Athenienses
1022 2140 1286 2198 oratione
1324 2137 1647 2211 Philippica
1687 2137 1785 2196 Ν.
1889 2138 2156 2200 Brumae.

453 2226 513 2285 3.
597 2221 772 2281 Hanc
816 2239 1066 2289 mannus
1107 2238 1258 2281 unas
1307 2237 1575 2280 commu
1617 2239 1809 2281 ramo
1874 2242 1915 2281 a
1953 2223 2280 2284 Paussms.
2379 2223 2669 2284 Eusebius

169 2301 178 2322 ''
281 2309 348 2369 in
391 2306 694 2368 Chronicis
734 2308 818 2365 ait
856 2307 1203 2386 Byzantium
1240 2307 1539 2365 conditum
1585 2306 1930 2385 Olympiade
1974 2307 2191 2371 XXX.
2276 2307 2669 2369 Lacedaemo-

286 2396 516 2454 niorum
556 2403 752 2450 autem
793 2411 966 2472 reges
1009 2388 1480 2451 defecisseJante
1520 2394 1761 2467 primam
1800 2392 2163 2471 Olympiada.
2249 2392 2346 2453 Tu
2389 2396 2559 2468 rid'e,
2598 2404 2667 2452 ut

284 2478 430 2539 haee
474 2496 604 2537 cum
647 2476 873 2535 Iustino
918 2485 1262 2556 congruant.
1363 2474 1485 2534 Sed
1539 2477 1776 2534 omnino
1833 2490 2009 2561 puto,
2065 2480 2161 2538 vel
2219 2481 2402 2536 semel
2459 2480 2669 2538 lectori

286 2561 360 2621 de
402 2562 732 2620 huiusmodi
773 2559 1073 2620 chronicis
1115 2571 1375 2620 nostram
1419 2563 1646 2635 aperire
1697 2565 2069 2622 sententiam.
2172 2561 2333 2639 Opus
2386 2565 2577 2639 ipsum
2627 2582 2668 2623 a

166 2663 176 2673 ·
279 2644 437 2705 Divo
481 2644 840 2724 Hieronymo
882 2662 1116 2704 versum
1159 2644 1447 2720 proditur,
1490 2644 1618 2703 dira
1660 2649 1977 2720 praemissa
2018 2650 2395 2706 execratione
2437 2650 2503 2707 in
2545 2666 2669 2721 eos,

283 2732 387 2805 qui
427 2731 607 2806 ipsius
652 2731 966 2788 editionem
1031 2728 1412 2788 describendo
1471 2741 1927 2804 corrumperent.
2025 2730 2237 2790 Verum
2302 2748 2474 2806 quam
2527 2732 2669 2791 reli·-

282 2817 449 2895 giose
491 2814 551 2872 id
593 2832 630 2871 a
687 2813 1150 2875 describentibus
1207 2811 1612 2885 observatum,
1669 2834 1766 2873 res
1823 2816 1947 2891 ipsa
2001 2818 2231 2874 clamat.
2331 2815 2447 2875 vix
2508 2818 2668 2874 enim

287 2909 378 2958 est
419 2901 570 2957 ullus
610 2899 798 2955 codex
840 2898 1013 2956 hodie
1055 2898 1380 2972 corruptior
1418 2898 1542 2970 illo,
1583 2899 1646 2956 in
1688 2916 1800 2975 quo
1843 2917 2018 2975 saepe
2058 2918 2174 2958 una
2213 2917 2309 2957 res
2349 2909 2486 2958 aeta
2526 2918 2669 2957 nar-

280 2993 478 3055 ratur,
527 2999 680 3056 quac
721 2984 848 3058 plus
894 2991 1127 3040 centum
1170 2982 1381 3040 deinde
1421 2984 1589 3041 annis
1632 3002 1833 3043 rursus
1872 2994 2006 3041 acta
2046 2983 2312 3042 refertur.
2400 2970 2567 3049 Qu'ae
2611 2984 2670 3041 si
2792 2972 2793 3023 3

284 3068 463 3125 alicui
509 3066 682 3124 dubia
724 3068 877 3141 sint,
916 3067 968 3124 is
1010 3067 1246 3138 videat,
1301 3081 1452 3141 quae
1495 3067 1568 3124 de
1610 3066 1826 3126 Perseo
1869 3087 1939 3125 ac
1991 3067 2169 3146 gestis
2226 3066 2351 3122 eius
2407 3065 2666 3124 dirersis

280 3151 429 3209 locis
471 3161 709 3225 narrat3
754 3153 838 3209 ita
879 3150 952 3219 de
993 3148 1262 3225 Europae
1303 3160 1505 3223 raptu:
1566 3152 1740 3210 urbes
1782 3154 2024 3229 primum
2064 3149 2369 3219 conditae,
2408 3167 2479 3206 ac
2521 3161 2671 3223 post
2792 3142 2793 3205 j

283 3218 500 3293 multos
539 3252 722 3295 annos
762 3254 963 3297 rursus
1005 3237 1252 3310 primum
1311 3235 1547 3294 condita
1605 3235 1949 3310 Corinthus,
1999 3231 2250 3306 Catana,
2308 3232 2669 3311 Syracusae.

282 3317 420 3376 Vidi
463 3336 574 3397 ego
612 3317 809 3376 hercle
850 3320 1111 3378 codicem
1164 3318 1470 3394 quemdam
1524 3337 1601 3378 ex
1639 3320 1914 3381 Fuldensi
1954 3314 2347 3390 Bibliotheca,
2384 3328 2453 3376 ut
2493 3330 2668 3395 puto,
2792 3368 2793 3373 ,

282 3413 613 3477 surreptum
636 3443 657 3471 ,
697 3400 799 3459 ubi
840 3405 1016 3484 longe
1064 3404 1211 3461 alius
1256 3404 1399 3485 ordo
1441 3414 1584 3463 erat.
1667 3403 1856 3467 Multa
1896 3408 2126 3477 omissa,
2167 3404 2417 3479 quaein
2443 3406 2665 3465 nostris

283 3486 583 3545 codicibus
625 3486 798 3557 sunt,
840 3499 971 3563 post
1009 3487 1250 3568 Eusebii
1290 3494 1742 3568 praefationem3
1802 3511 1875 3554 ea
1933 3493 2164 3567 inquam
2194 3491 2462 3562 ,omnia,
2515 3507 2668 3565 quae
2792 3488 2793 3501 ¹

284 3580 550 3644 tempora
588 3568 936 3645 promittunt
975 3573 1156 3631 totius
1201 3576 1423 3649 seculi,
1476 3595 1762 3658 regesque
1815 3579 2074 3638 omnium
2139 3574 2419 3656 =gentium.
2515 3573 2665 3633 Nam
2792 3594 2793 3617 u

283 3655 370 3712 ita
411 3654 616 3729 incipit
658 3674 784 3714 eam
837 3657 1433 3739 commendationem,
1494 3665 1750 3738 quisquis
1791 3663 1908 3723 fuit
1952 3664 2070 3719 ille.
2156 3659 2332 3720 Multi
2370 3676 2512 3716 sane
2553 3657 2666 3716 Be-

284 3738 419 3798 dam
465 3749 568 3796 aut
608 3736 804 3798 Bedae
845 3744 1095 3802 similem
1155 3741 1336 3799 fuisse
1395 3748 1749 3805 existimant.
1846 3746 2158 3806 Caeterum
2212 3761 2422 3801 manca
2481 3761 2554 3800 ea
2608 3750 2669 3798 et
2792 3778 2793 3787 κ

277 3824 527 3904 egregie
569 3836 894 3901 corrupta.-
943 3825 1156 3885 Mirum
1197 3845 1340 3885 vero
1385 3833 1679 3913 neminem
1720 3833 1831 3891 hac
1876 3842 2074 3889 aetate
2115 3839 2317 3887 nostra
2364 3827 2667 3905 dignatum

283 3909 539 3969 medicas
584 3909 862 3967 adhibere
903 3928 1109 3969 manus
1170 3919 1291 3969 tam
1354 3927 1598 3989 sancto,
1658 3927 1778 3976 tam
1834 3917 1968 3977 utili
2027 3915 2205 3990 operi.
2305 3910 2489 3985 Atqui
2550 3927 2666 3969 nou
2792 3956 2793 3985 ᾗ

235 4054 252 4085 s
280 4002 420 4051 sunt
479 3983 633 4073 πρὸς
686 3987 992 4073 τᾶλφιτα,
1050 3995 1268 4068 alioqui
1325 3998 1440 4056 iam
1486 4001 1711 4075 pridem
1754 4002 1968 4076 aliquis
2028 4001 2085 4056 ei
2137 3996 2439 4067 adfuisset.
2538 3994 2667 4053 Hoc
2792 4046 2793 4053 ,

282 4080 463 4135 etiam
508 4098 578 4135 eo
623 4079 686 4135 in
718 4086 902 4152 'opere
956 4066 1417 4155 admonendum,
1471 4104 1778 4145 numerum
1822 4102 2116 4145 annorum
2175 4079 2379 4138 mundi
2428 4079 2666 4138 dubium
2791 4136 2793 4165 ‹

281 4180 451 4234 ase,
492 4180 604 4219 nec
649 4173 909 4235 certum,
950 4162 1314 4223 Eusebiusne
1367 4169 1557 4243 ipsum
1603 4188 1818 4246 apposu
1854 4172 1954 4242 rit,
1988 4180 2058 4227 ut
2102 4176 2371 4226 catenam
2410 4167 2665 4223 omniun
2792 4180 2793 4199 ¹

282 4241 663 4329 historiarum
701 4245 977 4307 decadica
1021 4248 1122 4304 illa
1164 4251 1415 4313 ratione.
1503 4252 1570 4312 ln
1616 4256 1816 4314 codice
1907 4251 2137 4312 uldensi
2175 4268 2296 4310 non
2337 4259 2500 4321 erat,
2549 4249 2668 4308 for-

282 4328 456 4386 tassis
500 4328 639 4405 quia
675 4328 749 4389 de
767 4332 893 4392 ·illo
939 4346 1186 4391 numero
1224 4350 1262 4393 a
1295 4336 1500 4396 mundi
1543 4340 1716 4398 initio
1758 4341 2078 4398 etiamnum
2121 4332 2452 4412 disceptant
2492 4334 2669 4405 docti,
