2813 4694
248 2985 273 3044 ,’
367 2972 652 3034 nativam
680 2965 1193 3064 ‚pulcritudinem
1235 2988 1503 3033 noscere
1546 2968 1769 3034 velint.
1851 2964 2021 3033 Nam
2063 2988 2192 3033 non
2235 2965 2446 3034 solum
2485 2971 2561 3034 in
2603 2992 2746 3056 yer-

373 273 461 342 66
572 360 575 367 ¹
918 260 1564 332 D'OCTORUM
1637 260 2160 419 ιιοΜιΝιιΜ

371 475 539 543 quae
581 450 666 517 ad
700 466 903 516 omne
943 466 1157 538 genus
1194 450 1527 516 hominum
1568 451 1806 514 omnis·
1826 449 2061 513 aetatis
2104 424 2537 534 pertinerent,
2575 464 2738 531 quae

372 558 506 621 vim
545 568 729 618 suam
772 552 973 617 veluti
1016 575 1134 641 per
1189 573 1381 617 omne
1442 554 1617 615 vitae
1663 551 1953 636 spatium
2016 545 2491 624 diffunderent,
2548 567 2739 633 quum
2785 604 2786 617 ,

357 657 699 743 ‘sapientes
736 655 909 718 inter
954 651 1240 717 Graecos
1283 664 1350 716 et
1388 653 1558 716 inter
1597 649 1925 717 Romanos
1967 647 2295 719 viderent.
2315 649 2553 713 exorti
2595 658 2741 712 sunt

371 760 441 823 in
474 769 751 843 utraque
783 755 1084 831 civitate,
1141 754 1251 840 qui
1311 750 1438 819 sibi
1493 753 1898 837 potissimum
1954 747 2078 814 hoc
2130 752 2198 813 in
2242 769 2484 835 genere
2523 744 2741 811 elabo-

368 858 665 935 randum,
705 853 1188 940 doctrinamque
1234 865 1299 919 et
1328 855 1663 938 ingenium
1704 848 2231 928 consumendum,
2274 850 2737 939 existimarent.

370 958 508 1026 Sed
565 950 717 1045 quia
777 951 862 1018 de
916 952 1227 1019 Romanis
1294 954 1689 1017 instituimus
1747 949 2005 1030 dicere,
2077 950 2364 1015 Graecos
2419 949 2555 1012 iam
2611 966 2736 1011 nou

370 1062 778 1157 attingemus.
2785 1122 2786 1131 ἵ

538 1159 753 1244 Atque
789 1156 1066 1243 primum
1113 1153 1413 1242 quidem,
1472 1156 1582 1241 qui
1622 1153 1890 1220 Latino·
1867 1172 2201 1218 *sermone
2245 1171 2350 1215 res
2390 1158 2611 1235 gestas
2674 1169 2732 1212 o-
2785 1212 2786 1225 ,

362 1254 617 1328 mnium
640 1257 845 1321 totius
884 1254 1059 1320 orbis
1092 1254 1500 1342 populorum,
1543 1258 1832 1341 maxime
1863 1269 2078 1319 tamen
2105 1252 2521 1330 Graecorum,
2562 1248 2730 1315 libris
2783 1312 2786 1345 n

371 1374 644 1449 quatuor
671 1369 737 1422 et
763 1355 1191 1445 quadraginta
1225 1355 1773 1441 complecteretur,
1807 1355 2097 1441 Trogum
2132 1352 2512 1440 Pompeium
2539 1351 2728 1417 fuisse

372 1463 766 1549 accepimus:
805 1457 1038 1557 quibus
1091 1456 1233 1519 eius
1273 1456 1460 1521 libris
1500 1456 1718 1544 paullo
1758 1454 2203 1542 longioribus,
2244 1467 2316 1518 ut
2352 1468 2501 1518 suut
2540 1453 2732 1519 homi·
2785 1450 2786 1479 ³

368 1585 487 1628 nes
537 1562 676 1627 fere
729 1546 987 1626 remissi
1036 1578 1390 1644 parumque
1446 1560 1798 1643 patientes,
1851 1577 1980 1621 nou
2034 1555 2215 1622 multi
2273 1569 2425 1621 tunc
2479 1554 2731 1642 quiden

367 1664 649 1731 lectores
690 1661 995 1727 videntur
1046 1660 1416 1743 contigisse.
1517 1646 1701 1733 Quae
1744 1660 1887 1744 ipsa
1928 1680 2068 1736 res,
2121 1668 2192 1721 ut
2233 1660 2498 1745 opinor,
2554 1656 2732 1722 Iusti·

371 1786 558 1843 num,
618 1782 805 1851 quem
848 1759 1166 1837 Vossius,
1224 1772 1291 1823 et
1331 1757 1480 1838 alii,
1534 1758 1795 1823 saeculo
1841 1759 2246 1845 imperatoris
2287 1759 2604 1824 Antonini
2641 1757 2733 1823 Pii

373 1869 625 1931 vixisse
669 1861 930 1940 volunt,
962 1857 1282 1946 impulit,
1340 1873 1412 1924 ιιι
1453 1882 1491 1925 e
1513 1857 1741 1951 Trogi
1783 1858 2038 1946 Opere,
2075 1857 2400 1947 quomodo
2442 1862 2590 1947 ipse
2633 1863 2732 1939 ait,
2785 1868 2786 1871 ’

312 1970 325 2003 ““
370 1954 570 2033 breve
608 1963 852 2027 florum
892 1959 1339 2047 'corpusculum
1380 1959 1663 2038 faceret,
1721 1962 1778 2024 si
1821 1960 1987 2024 sorte
2030 1959 2350 2024 brevitate
2390 1958 2617 2047 plures
2656 1958 2732 2025 ad

368 2050 721 2152 legentium
764 2064 1221 2127 invitarentur.
1279 2081 1362 2124 an
1420 2072 1596 2126 recte
1648 2076 1714 2126 et
1769 2060 2121 2148 prudenter
2180 2062 2370 2140 satis,
2430 2064 2570 2127 iam
2614 2082 2730 2127 non

372 2179 472 2232 est
511 2162 866 2252 quaerendi
910 2160 1113 2226 locus.
1198 2161 1341 2247 Ego
1379 2148 1676 2249 quidem
1684 2165 1740 2227 si
1783 2163 1854 2228 id
1899 2184 2197 2249 agerem,
2261 2182 2597 2249 sperarem
2641 2184 2733 2227 mc
2785 2240 2786 2245 γ

369 2265 564 2332 facile
608 2262 719 2328 vel
757 2275 1120 2327 nostrorum
1162 2261 1494 2327 hominum
1554 2265 1696 2329 sive
1734 2266 2134 2352 imperitiae,
2191 2265 2331 2327 sive
2385 2263 2735 2351 neglegen-

367 2359 498 2432 tiae
540 2377 607 2430 et
646 2366 949 2441 inertiae,
991 2363 1297 2451 exemplo
1342 2365 1679 2431 docturum
1705 2363 2386 2452 confirmaturumque,
2423 2361 2738 2431 Iustinum
2785 2439 2786 2442 Ἴ

368 2488 497 2532 non
539 2453 713 2530 omni
758 2461 949 2550 culpa
982 2485 1237 2544 vacare,
1279 2464 1452 2553 quod
1484 2466 1922 2532 eruditissimo
1956 2468 2184 2553 cuique
2218 2467 2507 2551 ipsorum
2535 2464 2738 2552 Trogi

366 2565 679 2632 librorum
742 2566 989 2628 iactura
1049 2578 1113 2630 et
1168 2555 1370 2630 veluti
1414 2567 1823 2654 naufragium
1864 2579 2200 2653 tantopere
2241 2565 2605 2632 dolendum
2650 2588 2742 2632 es·

368 2677 490 2731 set.
572 2662 800 2752 Neque
844 2686 999 2732 vero
1056 2667 1198 2753 ipsa
1243 2669 1484 2747 oratio,
1510 2703 1517 2709 ·
1545 2667 1933 2755 dicendique
1975 2687 2217 2753 genus,
2277 2689 2404 2754 quo
2444 2687 2612 2733 usus
2653 2681 2744 2734 est

367 2770 439 2833 in
494 2763 898 2832 conficienda
954 2763 1077 2831 hac
1132 2768 1434 2853 Epitoma
1490 2767 1812 2846 Iustinus,
1873 2767 2133 2833 videtur
2190 2764 2514 2832 eiusmodi
2577 2787 2743 2848 esse,

366 2879 445 2933 ιιι,ι
480 2868 790 2932 committi
851 2879 1025 2948 recte
1078 2868 1161 2931 iis
1220 2869 1461 2955 possit,
1519 2870 1630 2955 qui
1663 2867 1952 2955 'linguae
2008 2868 2284 2933 Latinae
2329 2880 2635 2934 naturam
2683 2881 2744 2933 et

367 3070 471 3136 bis
515 3066 824 3154 singulis,
863 3067 1280 3157 fot-malisque
1323 3068 1663 3161 loquendi,
1714 3090 1844 3134 non
1887 3087 2093 3158 pauca
2135 3082 2315 3149 sunt,
2358 3091 2528 3157 quae
2574 3074 2747 3157 peri-
2784 3105 2786 3144 2

336 3185 470 3239 -tos
511 3168 881 3247 offendant,
938 3181 1003 3233 et
1044 3191 1086 3233 a
1126 3170 1595 3236 cousuetudine
1650 3169 1913 3235 dicendi
1947 3191 2211 3249 eorum,
2267 3168 2542 3258 quorum
2593 3169 2746 3237 libri

369 3289 487 3356 pro
531 3269 809 3374 quodam
855 3270 1039 3356 quasi
1077 3291 1323 3337 canone
1366 3283 1432 3336 et
1476 3269 1707 3358 regula
1735 3270 1953 3335 Latini
1997 3271 2314 3335 sermonis
2353 3269 2751 3350 habeantur,

372 3371 796 3447 abhorreant,
853 3384 918 3435 et
962 3385 1138 3457 quae
1180 3391 1372 3436 nemo
1418 3371 1625 3449 adeo,
1685 3374 1794 3459 qui
1839 3370 2102 3458 quidem
2148 3371 2363 3457 cupiat
2403 3369 2754 3464 eleganter

367 3471 691 3547 κήδει-ε,
729 3473 969 3535 imitari
1012 3474 1241 3557 possit.
1280 3485 1526 3536 verum
1568 3474 1666 3537 in
1682 3485 1817 3537 tota
1855 3479 2107 3558 quoque
2151 3472 2463 3536 orationis
2503 3471 2756 3552 forma,

369 3586 436 3638 et
472 3574 542 3636 in
585 3572 746 3658 ipsis
801 3574 1176 3649 sententiis,
1226 3573 1422 3636 nimis
1481 3570 1719 3650 multa,
1775 3576 2092 3658 nimisque
2145 3591 2464 3658 expressa
2496 3570 2758 3662 ‘laudis

366 3670 981 3759 iugenii'cuiusdam
1017 3668 1369 3758 singularis
1401 3672 1856 3752 affectationis,
1894 3675 2251 3738 communis
2280 3672 2418 3764 {ere
2447 3675 2759 3740 omnium

268 3789 277 3796 ·
366 3775 747 3859 scriptorum
797 3773 1175 3858 posterioris
1231 3774 1463 3837 aetatis
1521 3775 1702 3854 vitii,
1770 3775 2050 3862 vestigia
2105 3785 2369 3850 extant,
2439 3793 2619 3859 quae
2685 3789 2760 3840 ut

366 3877 996 3959 omnino'nusquam
1052 3871 1398 3959 probatur,
1463 3869 1700 3961 ubique
1752 3872 2062 3953 offendit,
2134 3876 2229 3939 ita
2281 3873 2625 3962 turgidam
2695 3889 2768 3942 et

362 3975 669 4062 frigidam
706 3973 1126 4064 maximeque
1181 3976 1501 4059 ingratam
1556 3971 1750 4039 efficit
1788 3976 2182 4039 orationem:
2240 3996 2281 4039 a
2323 3995 2449 4066 quo
2494 3979 2768 4043 oratio-

364 4081 469 4143 nis
525 4088 812 4150 tumore,
897 4081 963 4133 et
1018 4073 1211 4136 nimis
1261 4074 1554 4160 quaesita
1623 4072 1999 4160 diligentia,
2069 4071 2478 4162 eloquentiae
2519 4097 2767 4143 *verae

362 4175 689 4244 studiosos
742 4169 1094 4256 diligenter
1150 4176 1410 4238 avocari
1452 4172 1533 4238 ab
1592 4175 1859 4238 ineunte
1914 4188 2124 4240 aetate
2181 4185 2481 4262 oportere
2502 4221 2522 4253 ,
2601 4180 2763 4266 quis

364 4298 495 4345 non
530 4272 894 4361 iamne-git?
994 4272 1128 4338 Sed
1184 4274 1335 4361 quia
1377 4272 1660 4339 [ustinus
1717 4275 1785 4337 iu
1843 4294 1964 4340 suo
2019 4279 2262 4362 genere
2315 4269 2559 4341 uuicu-
2595 4292 2758 4354 .e·t,
