2813 4694
691 185 802 254 IN
852 186 1275 285 IUSTINI
1345 186 1554 259 LIBae
1591 187 1643 255 1.
1718 186 1935 257 cAP.
1982 187 2067 255 11.
2441 196 2559 262 101

182 379 265 439 M.
306 379 637 437 breviorem
676 387 963 437 staturam
1005 378 1224 439 tribuat
1254 379 1643 454 Zevecotius,
1697 400 1829 440 cum
1853 376 1866 395 '
1884 390 2081 441 tamen
2132 382 2302 463 multi
2340 382 2403 445 in
2442 382 2558 439 alia

184 466 385 522 omnia
426 462 655 521 abeant.
739 460 912 521 Certe
949 466 1002 521 si
1042 464 1301 540 Turpino
1341 464 1514 522 fidem
1557 464 1868 537 habemus,
1912 484 1989 524 ex
2013 485 2142 567 'quo
2187 466 2247 524 id
2284 476 2558 535 repetunt

180 548 474 607 suffridus
509 545 825 623 Presbyter
856 547 1164 607 Misnensis
1204 546 1381 607 111).1.
1425 560 1484 607 et
1518 547 2027 628 Lindenbrogius'
2009 569 2072 608 m
2103 548 2289 608 Carol.
2322 546 2555 622 chron„
2667 562 2674 569 ‘

180 643 411 691 statura
453 628 647 714 Caroli
688 641 823 690 octo
862 633 1073 709 pedum
1110 633 1255 704 fuit,
1286 632 1487 690 facies
1548 651 1689 691 vero
1746 635 2128 712 longitudinis
2182 636 2360 709 palmi
2423 652 2554 691 eum

186 717 447 775 dimidio.
546 713 762 773 verum
806 717 1079 791 quicquid
1128 728 1219 775 est
1257 718 1411 774 illius
1456 719 1768 774 commenti
1813 718 1928 774 iam
1962 718 2188 793 pridem
2219 718 2554 776 confutavit

182 803 277 859 vir
316 799 727 859 celeberrimus
767 800 1147 875 ὶίιτςιιπᾶιιε
1186 799 1476 859 Preherus
1514 800 1710 859 libello
1750 803 2036 879 singulari
2073 820 2144 860 ea
2177 803 2249 859 de
2278 821 2345 860 re
2374 802 2552 873 edito,

183 887 282 962 qui
321 883 590 942 Carolum
635 884 867 960 quidem
911 886 1192 943 eminenti
1245 886 1428 943 fuisse
1478 894 1703 943 statura
1757 885 2004 958 scribit,·
2050 886 2154 943 sed
2213 895 2285 943 ut
2342 887 2553 943 iustam

178 989 299 1028 non
341 968 670 1025 excederet.
696 990 709 1007 ·
757 968 1139 1027 Zeveeotium
1181 980 1380 1027 tamen
1423 970 1522 1043 qui
1566 969 1844 1027 defendas
1884 988 2002 1028 non
2040 970 2302 1045 reperio,
2345 972 2552 1045 quippe

178 1056 279 1130 qni
322 1055 500 1111 etiam
538 1070 839 1127 proceram
885 1054 1075 1112 eidem
1123 1053 1444 1133 denegasse
1485 1053 1733 1111 videtur.
1831 1054 2006 1112 Aliud
2065 1056 2221 1111 enim
2277 1053 2554 1111 docemur

174 1138 249 1194 ab
290 1134 637 1195 Eckehardo
679 1135 804 1195 Iun.
848 1150 971 1213 cap.
1020 1140 1077 1200 1.
1184 1136 1439 1196 Carolus
1483 1148 1620 1195 erat
1655 1136 1820 1196 homo
1849 1148 2109 1217 praeter
2152 1138 2405 1196 decorae
2430 1138 2552 1209 fa-
2569 1148 2580 1165 ‘

172 1223 293 1280 eiei
336 1223 526 1280 dotent
570 1231 631 1280 et
685 1231 970 1282 staturae
992 1240 1313 1302 procerae.
1409 1219 1710 1295 Helperici
1760 1239 1961 1319 versus
2015 1222 2215 1280 neseio
2269 1238 2347 1278 an
2401 1219 2553 1279 Tur·
2637 1266 2646 1273 „

170 1307 301 1383 pini
339 1303 563 1363 fabulas
605 1305 823 1380 sapiat.
1046 1348 1067 1359 2

513 1386 648 1447 Rex
694 1388 949 1448 Carolus
991 1396 1235 1447 cunctos
1279 1386 1543 1447 humeris
1586 1389 1986 1468 supereminet
2028 1387 2194 1448 altis.

349 1469 495 1552 Ἶρι
540 1487 802 1532 ram-ma
847 1488 1139 1539 essenus.
1233 1471 1537 1531 Grac-ilem
1576 1490 1783 1530 vocem
1827 1491 1955 1529 esse
1996 1490 2163 1544 reor,
2205 1488 2376 1549 quam
2417 1489 2549 1529 ora-

178 1567 346 1614 tores
390 1565 452 1613 et
490 1566 697 1630 poetae
739 1568 976 1633 acutam
1019 1553 1269 1626 vocant,
1322 1558 1532 1631 quippe
1597 1572 1747 1632 quse
1805 1576 1937 1615 cum
1992 1557 2242 1614 stridore
2300 1555 2547 1629 quodam

180 1640 384 1698 tenuis
428 1639 651 1713 editur,
695 1655 978 1715 quamque
1017 1641 1355 1701 mulieribus
1395 1641 1582 1698 ferme
1635 1643 1961 1699 naturalem
2015 1660 2144 1698 esse
2162 1679 2184 1711 ,
2246 1643 2545 1713 experien-

181 1725 275 1782 tia
318 1724 523 1796 docet;
566 1734 627 1782 et
671 1743 929 1783 caussam
973 1727 1098 1784 eius
1140 1727 1231 1783 rei
1285 1727 1647 1801 potissimam
1688 1744 1817 1782 esse
1860 1727 2066 1783 volunt
2118 1742 2389 1782 vasorum
2443 1742 2548 1782 au-

188 1808 475 1887 gustiam:
522 1810 615 1866 cui
669 1819 863 1867 tamen
918 1811 1020 1867 alii
1082 1808 1543 1868 exsufflationem
1599 1811 1898 1867 remissam
1916 1850 1933 1881 ,
1983 1810 2324 1866 facultatem
2385 1807 2548 1864 infir-

188 1893 437 1949 miorem
495 1902 555 1950 et
612 1895 860 1957 calorem
931 1896 1256 1970 parciorem
1329 1888 1546 1953 addere
1600 1896 1792 1951 solent
1840 1895 2173 1951 Alexander
2238 1890 2543 1966 Aphrodis.

182 1975 379 2041 Probi.
415 1973 650 2035 cxvll.
740 1978 881 2049 Cur,
918 1980 1136 2054 inquit,
1175 1979 1454 2037 mulieres
1494 1984 1679 2037 aeuta
1721 1989 1862 2038 sunt
1900 1998 2061 2049 voce,
2096 1981 2351 2052 itemque
2402 1992 2544 2053 spa-

175 2062 360 2119 dones
388 2071 449 2123 et
467 2065 657 2140 pueri
670 2058 696 2119 l
744 2061 905 2132 Quia
943 2064 1017 2122 ab
1060 2062 1439 2122 humiditatis
1484 2062 1856 2120 abundantia
1897 2063 2138 2120 arteria
2179 2064 2266 2120 eis
2311 2063 2373 2125 in
2415 2080 2540 2117 am-

157 2144 337 2226 plum
400 2147 635 2204 minine
673 2148 1093 2226 protenditur.
1202 2145 1560 2213 Caliditatis
1604 2147 1758 2204 enim
1810 2141 2066 2219 officium
2127 2156 2250 2216 est,
2309 2155 2542 2202 meatus

171 2229 392 2287 laxare
430 2232 491 2303 in
535 2230 815 2309 amplum.
903 2229 987 2290 Ut
1029 2250 1172 2308 ergo
1215 2240 1482 2308 angusta
1518 2229 1670 2288 tibia
1711 2241 1952 2287 acutum
1995 2229 2122 2287 edit
2160 2246 2395 2298 sonum,
2455 2229 2548 2284 sic

173 2323 241 2373 et
296 2329 519 2393 aspera
581 2316 823 2373 arteria
883 2334 1011 2373 eum
1068 2326 1335 2394 angusta
1392 2325 1502 2374 est.
1622 2310 1838 2372 Confer
1894 2313 2154 2372 eiusdem
2226 2312 2545 2371 Alexandri

170 2396 924 2458 Probl.X1.etMaerob.
968 2397 1265 2458 Satur-nal.
1309 2399 1410 2457 111).
1455 2397 1890 2474 v11.0ap.10.
1949 2408 2012 2456 et
2064 2400 2116 2458 si
2153 2398 2566 2470 recentiorem·

169 2483 356 2556 cupis,
383 2481 759 2542 Melchiorem
789 2481 1085 2542 Sebizium
1114 2483 1403 2559 Disputat.
1449 2484 1523 2541 de
1566 2477 1911 2542 differentiis
1952 2482 2211 2557 eorporis
2253 2481 2440 2540 virilis
2484 2490 2544 2539 et

162 2566 483 2624 muliebris.

338 2650 429 2708 Er
478 2665 1003 2710 Linteum-renum
1074 2666 1368 2717 ausuras
1437 2668 1625 2710 mrsu
1683 2669 1760 2711 Ac
1812 2666 1911 2710 ru
1915 2667 1977 2709 ιο
2041 2664 2285 2710 snmus.
2383 2648 2543 2707 Rara

163 2734 479 2792 admodum
523 2744 615 2792 est
651 2738 753 2794 illa
793 2738 1274 2794 lineamentorum
1335 2737 1686 2808 similitudo,
1744 2753 1917 2811 quam
1978 2736 2043 2793 in
2101 2737 2297 2792 multis
2354 2734 2540 2791 homi-

162 2837 308 2877 num
363 2818 616 2877 millibus
669 2822 774 2878 vix
828 2822 1086 2896 reperire
1132 2821 1297 2894 licet
1383 2820 1481 2879 Ex
1538 2840 1651 2898 quo
1710 2821 1946 2899 quidem
1995 2838 2219 2877 summa
2271 2818 2539 2877 Numinis

163 2905 397 2961 aeterni
431 2905 704 2962 maiestas
748 2907 929 2963 cuivis
970 2906 1140 2980 paulo
1181 2907 1462 2963 attentius
1517 2906 1910 2964 consideranti
1967 2906 2284 2962 clarissime
2337 2908 2540 2982 patere
2561 2948 2575 2961 .

84 2999 99 3008 “
162 2996 384 3064 potest.
466 2987 617 3045 Nam
663 2988 735 3046 de
774 2992 901 3046 aliis
945 2989 1115 3048 huius
1145 2990 1630 3048 dissimilitudinis
1674 2990 1927 3060 caussis,
1971 3007 2111 3065 quas
2155 2989 2419 3050 nonnulli
2459 3001 2540 3044 ex

162 3071 397 3129 influxu
434 3074 836 3148 planetarum,
880 3055 1122 3152 aliisque
1160 3075 1335 3133 rebus
1380 3084 1631 3149 petunt,
1686 3091 1841 3131 nune
1896 3092 2025 3130 non
2077 3092 2177 3132 ero
2231 3074 2535 3130 sollicitus.

171 3157 292 3224 Qui
336 3166 531 3216 tamen
583 3156 742 3215 hisce
803 3160 1063 3238 capitur,
1123 3159 1296 3216 adeat
1353 3167 1586 3233 praeter
1643 3157 1792 3216 alios
1845 3156 2161 3235 Georgium
2218 3155 2540 3215 Pictor-ium

170 3239 463 3300 Subcisiv.
503 3240 764 3300 Lection.
809 3243 1020 3322 dialog.
1061 3241 1174 3300 lx.
1256 3241 1562 3300 Praeclare
1605 3239 1833 3300 Seneca
1875 3244 2045 3315 epist.
2085 3240 2308 3304 exul.
2403 3241 2540 3298 Cir
2573 3311 2578 3316 .

169 3328 466 3403 cumspiee
509 3330 704 3384 omnia
748 3345 1037 3408 corpora,
1079 3325 1234 3385 nulli
1267 3347 1382 3392 non
1426 3336 1486 3385 et
1527 3326 1689 3383 color
1715 3329 2013 3405 prop-rius
2056 3336 2183 3396 est,
2230 3337 2288 3384 et
2314 3325 2538 3404 figura

167 3426 287 3466 sua
343 3419 401 3467 et
450 3411 816 3487 magnitudo.
932 3408 1104 3468 Inter
1161 3421 1445 3480 caetera,
1495 3419 1752 3489 propter
1807 3428 1961 3489 quae
2015 3409 2289 3467 mirabile
2344 3411 2540 3466 divini

158 3492 430 3566 artificis
465 3496 763 3572 ingenium
806 3507 931 3567 est,
971 3494 1081 3553 hoe
1134 3499 1377 3576 quoque*
1428 3496 1739 3567 existimo,
1798 3495 1956 3575 quod
2007 3496 2069 3551 in
2128 3504 2306 3552 tanta
2361 3494 2536 3571 copia

156 3597 363 3636 rerum
405 3597 701 3658 nunquam
747 3581 808 3637 in
850 3581 1003 3638 idem
1044 3579 1293 3651 incidit,
1349 3582 1531 3638 etiam
1586 3597 1739 3656 quae
1792 3578 2021 3636 similia
2070 3579 2352 3636 videntur
2406 3596 2533 3634 cum

158 3660 490 3720 contuleris
544 3663 790 3730 diversa
849 3674 1007 3722 sunt.
1096 3661 1212 3722 Tot
1250 3664 1422 3736 feeit
1473 3682 1701 3740 genera
1736 3663 2078 3736 foliorum:
2131 3661 2353 3722 nullum
2417 3680 2533 3719 non

155 3763 275 3804 sua
302 3748 695 3825 proprietate
735 3750 1079 3826 signatum,
1121 3745 1276 3805 nulli
1307 3746 1635 3806 similitudo
1668 3766 1797 3803 eum
1841 3747 2037 3805 altero
2069 3747 2360 3805 convenit.
2439 3743 2533 3802 De

158 3830 370 3888 eadem
413 3831 803 3906 discrepantia
840 3832 1126 3890 Firminus
1180 3830 1279 3888 lib.
1321 3830 1367 3892 I.
1413 3849 1535 3906 cap.
1586 3832 1647 3893 3.
1692 3833 2020 3889 Astronom.
2097 3827 2402 3888 Prodeant
2447 3831 2532 3888 si·-

153 3914 283 3973 ΜΖ
300 3926 542 3993 patres,
555 3916 752 3990 liberi,
773 3917 1067 3991 fratres,
1054 3935 1070 3949 ·
1110 3935 1240 3974 cum
1271 3918 1426 3975 enim
1454 3918 1579 3974 sint
1599 3918 1776 3973 unica
1807 3917 2058 3974 omnium
2091 3914 2531 3976 necessitudine

154 4001 455 4077 sangru'ne
498 4003 721 4073 iuneti,
781 4003 1024 4061 diversa
1079 4010 1291 4059 tamen
1317 3999 1674 4073 formarunt
1733 4000 2146 4076 designatione
2186 4007 2515 4058 cernuntur

153 4079 283 4143 Neo
322 4083 627 4142 invenitur
670 4088 895 4164 aliquis
950 4088 1043 4143 ita
1095 4084 1346 4156 similis,
1405 4083 1478 4142 al
1533 4101 1647 4141 non
1698 4084 1898 4142 vultus
1955 4085 2082 4140 eius
2139 4080 2212 4140 ab
2270 4080 2531 4137 alterius

148 4168 326 4228 vultu
376 4188 451 4226 ex
493 4169 701 4246 aliqua
733 4181 923 4250 parte
964 4169 1308 4230 dissentiat
1383 4168 1648 4228 Eandem
1688 4167 1968 4226 facierum
2026 4164 2367 4223 varietatem
2417 4163 2527 4218 mi-

152 4262 323 4311 ratur
374 4250 546 4311 Felix
604 4252 871 4315 Platerus
928 4254 1164 4323 Quaest.
1203 4251 1436 4331 Physic.
1493 4250 1636 4313 xn.
1719 4250 1802 4309 Et
1858 4249 1967 4310 Itoe
2023 4245 2271 4315 mir-uvi,
2321 4236 2527 4321 inquit,
