2813 4694
175 285 186 304 ι
307 253 436 356 432
665 341 674 350 ἱ
839 201 1466 320 υοὸΤ.ΗόΜ,
1524 237 2232 320 COMMENTAR-

315 445 520 504 Cieero
559 442 604 503 1.
654 440 740 504 de·
776 441 891 501 off.
933 441 1184 502 adulari
1235 451 1309 501 ut
1361 441 1655 519 passivum
1684 493 1689 498 .
1718 452 1999 518 usurpat,
2052 442 2211 518 quod
2264 443 2507 518 scribit,
2572 439 2703 509 Noe
2798 441 2799 516 1

316 529 564 589 adulari
610 546 730 614 nos⁵
762 530 1046 586 sinamus.
1115 526 1341 586 Voasr.
1396 556 1487 569 --
1543 525 1862 584 Sordidum
1925 528 2116 607 paulo
2175 538 2319 586 ante
2372 527 2707 587 clientelae
2798 519 2799 538 ¹

317 632 489 754 2¹11·ssss
506 609 1078 770 53:231101312‘122
1096 609 1904 768 5‘q;{¹⁰32.12212‚b33⁶†‡5:
1947 610 2453 768 ἓξὲἳιὶῗξῖῗέ.
2494 629 2703 772 ’ἱᾞίἷ

317 790 455 838 ante
497 780 716 838 dictum
751 783 860 849 est,
903 779 1057 835 inter
1100 778 1413 835 auxiliares
1444 776 1818 838 barbarorum
1849 781 2043 854 copias
2071 779 2414 837 numeravit.
2458 778 2701 841 Fusa.

285 895 401 937 ,--
441 863 599 922 Saxo
646 863 743 921 lib.
788 859 958 920 XIII.
996 879 1128 940 pag.
1172 857 1316 923 234.
1357 862 1459 923 33.
1534 860 2007 922 Sor-didiscimus
2046 863 2359 922 clientelae
2382 862 2705 942 frequen-

316 951 428 1009 tia.
507 949 651 1006 Asa.
696 945 979 1014 Gnosov.
1648 1009 1651 1014 p
1784 1001 1787 1008 ,

483 1031 543 1091 9.
627 1030 839 1088 Aures
881 1043 1069 1086 mrsu
1107 1045 1177 1085 ss
1223 1042 1529 1102 iuramus
1559 1043 1720 1087 nunc
1764 1027 2077 1090 Gar-„zena
2131 1039 2249 1089 cte.
2349 1029 2530 1088 Latet
2587 1029 2693 1090 hie

315 1108 585 1176 ὕπουλον
643 1113 872 1190 aliquod
927 1114 1320 1183 ulcusculum,
1387 1113 1503 1170 alio
1555 1113 1824 1192 indigens
1872 1111 2237 1189 Aesculapio.
2331 1112 2700 1189 Hispanico·

316 1201 601 1272 interpres
643 1209 815 1274 cauto
853 1197 1474 1266 silentio-transmisit.
1520 1195 1786 1255 Bramme.
1829 1228 1910 1241 —-
1952 1197 2126 1257 Hunc
2150 1200 2353 1255 -locnm
2391 1199 2701 1272 perditum

315 1284 576 1343 restituit
615 1283 914 1355 praeclare
957 1278 1160 1337 Menso
1201 1282 1528 1358 Altingius,
1566 1279 1670 1337 Vir
1715 1283 2134 1356 Amplissimus,
2178 1284 2296 1339 levi
2337 1284 2698 1356 mutatione,

316 1377 500 1426 antea
542 1368 703 1424 inter
744 1383 811 1424 ac
851 1366 1119 1444 imperii,
1177 1383 1332 1422 nunc
1372 1366 1621 1443 gratiae
1661 1367 2016 1443 imperantis
2059 1366 2336 1425 aemulos.
2422 1367 2539 1433 Qui
2582 1386 2701 1424 an-

315 1460 415 1509 tea
460 1450 533 1508 de
580 1450 821 1525 imperio
865 1446 1332 1518 contendebant,
1378 1466 1533 1505 nunc
1576 1447 1648 1503 de
1691 1450 1885 1527 gratia
1940 1449 2191 1524 Philippi
2245 1459 2502 1521 certant,
2564 1453 2697 1508 utri

315 1537 564 1611 primum
598 1534 790 1591 locum
834 1533 956 1589 eius
1000 1531 1224 1609 gratiae
1264 1541 1523 1589 teneant.
1570 1529 1805 1590 Gasev.
1845 1563 1931 1576 --
1972 1533 2061 1590 Ad
2105 1533 2258 1591 hunc
2298 1535 2488 1591 locum
2531 1537 2693 1593 scri-

315 1618 403 1677 bit
446 1617 875 1688 Bel-neceam,
926 1615 1146 1689 aliquid
1187 1616 1404 1682 occulti
1460 1617 1671 1674 ulceris
1724 1617 1946 1688 latere3
2006 1627 2069 1674 et
2126 1634 2330 1675 verum
2371 1628 2496 1686 estr,
2576 1617 2692 1677 ned
2798 1627 2799 1634 ’

314 1702 606 1780 quodnam
640 1701 784 1759 illud
825 1703 936 1774 sit,
978 1691 1098 1759 non
1139 1699 1454 1774 expedivit.
1539 1698 1667 1779 Ego
1709 1701 1796 1758 sic
1838 1701 2145 1773 existimo,
2186 1719 2317 1757 esse
2359 1700 2455 1759 hie
2496 1719 2689 1776 oppo-

314 1788 588 1846 sitionem
628 1784 875 1856 debere,
953 1802 1099 1860 quae
1142 1785 1220 1841 sit
1260 1781 1617 1842 huiusmodi:
1704 1785 1892 1842 Antea
1932 1782 2375 1843 Lacedaemonii
2414 1795 2477 1843 et
2519 1784 2689 1844 The-

315 1871 453 1929 bani
496 1868 798 1928 certabant
837 1869 992 1925 inter
1031 1886 1129 1939 se,
1173 1868 1291 1924 utri
1335 1865 1620 1926 Graeciae
1664 1869 2049 1942 imperarent3
2107 1887 2264 1928 nuuc
2303 1880 2507 1927 cont-ra
2549 1890 2688 1929 eer-

299 1961 441 2013 ‘tare
479 1954 786 2025 videntur,
831 1953 951 2009 utri
994 1950 1300 2009 Graeciam
1339 1952 1593 2026 priores,
1630 1952 1769 2030 iugo
1800 1954 2100 2011 servitutis
2137 1955 2427 2027 imposito,
2455 1957 2691 2027 possint

317 2040 656 2115 opprimere.
777 2035 982 2110 Itaque
1024 2036 1251 2093 etiamsi
1294 2034 1442 2093 nihil
1479 2034 1720 2093 subsidii
1744 2027 1821 2093 ¹in
1863 2034 2034 2095 MSS.
2080 2035 2373 2095 codicibus
2414 2042 2687 2113 reperia-

311 2134 449 2195 tur,
490 2140 598 2180 nec
640 2123 703 2209 5⁴¹¹
742 2120 903 2178 libris
944 2120 1272 2194 impressis,
1305 2120 1636 2198 ,legendum
1687 2128 1916 2195 putem:
1974 2130 2157 2180 antea
2213 2124 2375 2180 inter
2438 2139 2504 2180 se
2568 2126 2683 2180 in-

299 2207 513 2288 perii,
557 2223 710 2263 nunc
758 2203 1051 2263 Graeciae
1096 2205 1406 2261 servitutis
1453 2203 1741 2261 aeneidos.
1860 2203 1980 2262 Sed
2039 2214 2100 2262 et
2157 2223 2368 2280 operae
2424 2207 2683 2282 pretinm

315 2302 406 2350 est
444 2289 648 2347 videre
692 2287 849 2363 quod
888 2288 1038 2363 apud
1080 2287 1328 2349 amicum
1366 2296 1630 2344 nostrum
1674 2287 1835 2346 Ioan.
1865 2287 2177 2347 Graevium
2202 2291 2454 2370 legitur:
2495 2287 2685 2349 Hunc

315 2376 501 2435 locum
529 2374 840 2453 perditum
881 2374 1157 2430 restituit
1185 2371 1515 2449 praeclare
1557 2370 1763 2431 Mense
1802 2372 2146 2450 Altiugius,
2211 2372 2321 2431 Vir
2361 2374 2685 2453 Amplissi-

311 2477 476 2530 mus‚
519 2458 637 2516 levi
678 2458 1043 2527 mutatione,
1094 2457 1285 2513 Antea
1320 2456 1480 2513 inter
1534 2475 1598 2513 se
1639 2457 1885 2532 imperii,
1928 2476 2085 2515 nunc
2124 2459 2350 2537 gratiae
2389 2460 2684 2533 imperan-

313 2544 392 2601 tis
463 2542 737 2599 aemulos.
809 2540 870 2598 id
945 2549 1067 2611 est,
1131 2550 1460 2613 exponente
1514 2537 1798 2612 Graevio,
1872 2541 1987 2608 Qui
2046 2540 2221 2599 antea
2288 2542 2361 2599 de
2432 2543 2683 2617 imperio

314 2622 780 2695 contendebant,
835 2642 991 2681 nunc
1034 2623 1106 2680 de
1151 2625 1343 2701 gratia
1384 2621 1635 2698 Philippi
1692 2624 1951 2696 certant,
2002 2627 2125 2682 utri
2181 2627 2425 2702 primum
2482 2628 2683 2687 locum

314 2713 439 2769 eius
474 2709 705 2788 *gratiae
747 2716 1005 2767 teneant.
1115 2704 1426 2785 Ingeniosa
1464 2707 1696 2781 quidem
1741 2710 2115 2783 coniectura,
2157 2711 2376 2782 fateor;
2430 2709 2539 2769 hoc
2584 2723 2684 2769 ta-

314 2813 451 2854 men
494 2793 562 2851 fit
598 2802 664 2849 ut
706 2791 847 2849 mihi
891 2789 1167 2866 probetur
1207 2792 1428 2861 minus,
1490 2791 1645 2867 quod
1688 2810 1759 2849 ea
1801 2802 2146 2869 tempestate
2194 2793 2487 2869 Philippus
2527 2815 2687 2854 non·

314 2880 451 2937 dum
493 2878 849 2953 imperitaret
889 2875 1205 2945 Graeciae,
1245 2874 1351 2932 sed
1393 2875 1456 2932 in
1516 2876 1711 2933 animo
1770 2885 1997 2935 tantum
2053 2878 2421 2952 imperitandi
2482 2882 2687 2937 consi-

311 2965 455 3021 lium
511 2960 769 3018 haberet.
883 2959 1039 3018 Dein
1115 2957 1260 3017 mihi
1334 2976 1451 3016 vox
1521 2961 1622 3017 illa
1682 2958 1980 3020 Graeciae
2040 2963 2363 3019 necessaria
2419 2962 2687 3037 videtur,

311 3064 416 3122 pro
460 3063 576 3120 qua
605 3043 916 3102 ‘substituit
953 3044 1220 3122 gratiae.
1256 3040 1480 3101 Fauna.
1523 3074 1609 3086 —
1647 3042 1781 3101 Non
1822 3045 2052 3103 videtur
2095 3039 2496 3120 χαριέστατος
2552 3045 2687 3103 Fa·-

311 3130 417 3187 ber
461 3129 616 3187 hune
658 3130 845 3186 locum
890 3127 1041 3185 bene
1098 3125 1471 3202 perpendisse
1530 3136 1593 3183 et
1646 3146 1834 3185 meam
1890 3129 2106 3201 cepisse
2158 3134 2429 3184 mentem.
2526 3125 2687 3188 Etsi

310 3212 569 3273 nondum
641 3211 947 3270 Graeciam
1007 3210 1375 3290 subiugasset
1452 3212 1687 3284 plane,N
1723 3221 1889 3287 tanta
1958 3198 2153 3268 tamen
2216 3207 2471 3285 Philippi
2534 3225 2685 3272 erat

309 3298 624 3357 auctoritas
645 3334 664 3366 ‚
709 3305 777 3351 ut
820 3296 944 3360 eius
995 3297 1241 3373 gratiam
1300 3305 1647 3372 quaererent
1703 3294 2051 3353 Graecarum
2108 3295 2409 3353 civitatum
2464 3296 2683 3374 legati,

312 3392 374 3440 et
415 3392 532 3439 tam
572 3381 906 3436 contemtim
955 3378 1308 3437 haberentur
1348 3380 1410 3437 in
1454 3381 1578 3437 eius
1620 3380 1788 3451 aula,
1831 3398 1901 3436 ac
1935 3381 1987 3437 si
2025 3384 2221 3437 essent
2259 3379 2531 3437 vilissimi
2571 3392 2685 3439 aut

308 3467 521 3524 civium
568 3463 817 3537 Philippi
860 3472 960 3520 aut
998 3464 1314 3521 clientium.
1416 3460 1621 3538 Itaque
1688 3465 1897 3522 merito
1951 3464 2222 3521 dicuntur
2276 3465 2491 3521 aemuli
2544 3484 2679 3522 esse

308 3552 534 3630 gratiae
569 3548 939 3621 imperantis,
983 3549 1082 3621 qui
1127 3556 1388 3620 certant,
1433 3550 1533 3620 qui
1571 3549 1791 3621 priores
1844 3550 2074 3626 gratiae
2128 3548 2279 3606 ferat
2331 3549 2483 3622 apud
2537 3546 2679 3606 Phi·

307 3636 556 3709 lippum,
613 3650 743 3689 cum
801 3641 938 3689 ante
991 3632 1240 3689 fuissent
1295 3628 1527 3705 imperii
1582 3629 1865 3689 Graeciae
1925 3634 2168 3705 aemuli,
2239 3631 2350 3689 hoc
2413 3643 2544 3704 est,
2600 3632 2676 3690 de

305 3719 634 3794 principatu
675 3725 1017 3773 certassent.
1067 3714 1301 3773 Gasnv.
1342 3744 1428 3759 —-
1469 3715 1763 3774 Audacter
1821 3718 2163 3790 amplissimi
2225 3714 2518 3774 Mensonis
2572 3718 2677 3774 Al-

306 3803 481 3882 tingii
522 3799 986 3858 emendationem
1027 3801 1088 3857 in
1130 3809 1355 3857 textum
1412 3801 1753 3874 recepimus.
1856 3798 1967 3858 Est
2023 3803 2178 3858 enim
2219 3800 2391 3857 nimis
2436 3800 2675 3858 evidens

304 3889 440 3946 illa:
486 3879 556 3945 τὸ
610 3883 907 3944 Graeciae
947 3903 1086 3943 vero
1127 3884 1279 3960 quod
1334 3883 1523 3942 adhuc
1573 3886 1887 3941 toleratum
1949 3885 2098 3956 fuit,
2158 3885 2331 3942 nimis
2392 3885 2672 3959 ineptum.

306 3970 409 4031 Sic
465 3980 527 4028 et
564 3987 737 4044 supra
791 3966 1006 4025 Sebisii
1063 3971 1349 4046 remigum
1406 3979 1643 4042 propter
1697 3967 2053 4027 evidentiam
2114 3969 2175 4025 in
2234 3976 2464 4025 textum
2523 3970 2677 4026 reci·

306 4042 621 4132 piebamus'.
660 4052 890 4117 Voasr.
936 4082 1014 4094 —-·
1063 4049 1205 4108 Con.
1251 4051 1322 4108 N.
1365 4055 1638 4128 gratiam
1680 4070 1783 4127 pro
1824 4055 2109 4129 gratia03
2145 4053 2439 4134 quomodq
2470 4054 2675 4131 legen-
2798 4090 2799 4093 =

307 4140 445 4197 dum
484 4139 632 4196 vidit
671 4134 876 4195 Menso
917 4134 1243 4213 Altingius‚
1286 4135 1668 4208 applaudente
1710 4137 1836 4193 Avo
1877 4134 1976 4192 lib.
2010 4132 2109 4193 IV.
2173 4132 2482 4194 observat.
2546 4154 2672 4210 cap.
2798 4180 2799 4189 ,

305 4224 403 4284 10.
458 4239 591 4300 pag.
623 4216 796 4279 Ι1552.
894 4216 1081 4276 Voces
1138 4228 1359 4296 gratus
1420 4229 1481 4276 et
1537 4217 1803 4289 Graius,
1854 4220 2070 4297 gratia
2126 4226 2188 4276 et
2252 4216 2558 4292 Graecia,
2612 4222 2676 4277 ia

301 4303 475 4366 MSS.
517 4303 754 4362 misceri
792 4302 1051 4363 ostendit
1088 4299 1175 4361 CI.
1206 4300 1490 4361 Graevius
1520 4302 1594 4361 ad
1626 4302 1975 4363 Suetonium
2016 4300 2151 4362 Tib.
2181 4320 2306 4379 cap.
2337 4298 2441 4364 46.
2480 4314 2677 4382 grata
2798 4324 2799 4327 ¹
