2813 4694
755 218 863 289 IN
922 218 1341 291 ms'rml
1392 220 1594 311 ms.
1650 221 1702 288 ι.
1759 221 1971 295 cAr.
2017 223 2134 291 ιιι.
2535 230 2619 299 27

104 421 123 436 '
240 405 507 495 φαλλός.
589 413 714 475 Nos
740 414 1008 490 'simplex
1049 412 1075 473 Ζ
1111 415 1470 515 retinemus,
1537 433 1672 474 eum
1725 428 1934 490 purum
1990 425 2195 492 putum
2232 416 2311 475 sit
2351 416 2622 494 Amydo-

244 519 415 571 eum,
485 500 652 557 cuius
708 501 998 574 posterior
1055 501 1266 557 vocula
1324 501 1543 579 legitur
1599 501 1778 558 etiam
1821 502 1885 559 in
1925 502 2120 559 medio
2161 502 2402 561 nomine·
2435 498 2621 580 Regis

240 583 472 662 Assyrii
513 582 765 663 Teglath
784 581 1184 659 -phal-Esar.
1242 582 1513 642 Βειιιιεε.
1557 614 1631 626 ——
1712 584 1942 643 Nomen
1985 585 2095 644 boc
2121 587 2490 662 Assyriorum
2527 605 2621 643 re-
2729 646 2736 655 ‚

243 670 339 748 gis
380 684 499 725 non
546 671 815 744 simplex,
855 667 960 726 sed
1004 670 1386 742 compositum
1428 668 1691 739 videtur3
1737 680 1797 727 et
1841 671 2074 745 quidem
2116 687 2191 727 ex
2217 669 2401 740 Esar,
2442 668 2621 735 Had-
2725 662 2732 671 ⁶

170 808 177 809 ι
241 754 359 813 ἄση
404 761 464 810 et
505 750 697 812 Paul:
767 763 1016 828 suntque
1074 754 1316 810 istarum
1374 754 1626 810 nominis
1679 755 1932 827 partium
1985 752 2046 811 in
2101 755 2239 828 ipsis
2282 752 2480 813 Sacris
2521 752 2624 811 Li·
2709 800 2720 809 .

237 838 384 895 teris
428 837 699 915 vestigia.
778 835 859 894 Et
896 838 1084 912 prima
1139 837 1371 913 quidem
1422 838 1652 894 illarum
1695 846 1786 894 est
1827 839 1890 894 in
1933 837 2265 897 nominibus
2310 837 2622 897 διαπεπε-

233 939 377 991 ser,
428 919 939 999 Teglatphileser,
983 931 1044 978 et
1083 920 1525 980 Esarlmddon:
1582 923 1767 979 altera
1807 924 1869 979 in
1914 922 2122 979 codem
2161 925 2264 979 illo
2307 920 2622 983 Esarkad·

233 1006 391 1063 ἄση.
435 1014 496 1062 et
541 1007 718 1062 tertia
759 1004 1009 1081 denique
1035 1007 1255 1084 legitur
1280 1006 1591 1080 separatim
1624 1004 1694 1063 11.
1741 1003 1888 1085 Reg.
1919 1005 2051 1065 XV.
2077 1006 2171 1067 19.
2206 1015 2409 1081 estque
2444 1006 2621 1065 etiam
2710 1018 2714 1025 '

228 1090 299 1146 in
328 1090 635 1163 praedicto
671 1087 1163 1167 Tiglatploilescr.
1242 1088 1321 1151 Et
1364 1099 1528 1163 putat
1570 1091 1663 1149 vir
1705 1102 1961 1149 summus
1992 1082 2450 1164 Sardanapalum
2485 1107 2621 1147 esse

232 1175 431 1247 ipsum
474 1173 640 1231 illum
673 1171 1183 1245 Esarhsddonem,
1245 1174 1346 1250 qui
1397 1176 1462 1231 in
1504 1174 1697 1235 locum
1751 1176 1934 1248 patris
1975 1173 2316 1246 Ssnlleribi,
2371 1174 2444 1230 ab
2489 1174 2621 1231 aliis

234 1257 466 1316 duobus
506 1258 642 1315 filiis
683 1258 1001 1330 interemti,
1040 1259 1345 1318 suecessit.
1385 1256 1611 1315 Voasr.
1649 1288 1737 1300 -
1775 1257 1910 1317 Sec.
1952 1258 2111 1317 Leid.
2151 1259 2244 1317 ed.
2289 1258 2424 1318 Ald.
2463 1255 2619 1319 lunt.

233 1342 500 1414 addunt,
557 1362 715 1400 anno
774 1352 918 1403 ante
956 1343 1158 1403 urbem
1198 1342 1502 1401 conditam
1539 1340 1783 1399 Lxuu.
1843 1341 1999 1400 haud
2057 1342 2229 1401 dubie
2289 1360 2365 1401 ex
2407 1341 2620 1399 Orosio

234 1425 341 1485 lib.
388 1424 438 1484 1.
502 1444 625 1501 cap.
672 1426 768 1487 19.
826 1426 955 1483 init.
1003 1425 1105 1483 ubi
1158 1428 1277 1485 ait:
1346 1425 1519 1485 Anno
1577 1437 1722 1487 anto
1769 1425 1985 1485 Urbem
2031 1428 2330 1487 conditam
2373 1425 2618 1487 LXssss.

237 1511 600 1568 novissimus
634 1510 799 1589 apud
835 1509 1120 1587 Assyrios
1162 1513 1446 1588 regnavit
1487 1506 1970 1589 Sardanapalus.
2048 1511 2190 1569 Ana.
2237 1509 2519 1571 Gnonov.

300 1638 307 1655 .
414 1596 475 1657 2.
559 1595 893 1653 Auscrus.
980 1592 1282 1652 Arbactus
1325 1595 1532 1669 inepte
1574 1595 1793 1672 legitur
1831 1611 1938 1671 pro
1982 1591 2265 1655 Arbacen.
2331 1605 2421 1655 cst
2462 1597 2620 1655 enim

240 1677 518 1737 Arbace-s
555 1677 882 1751 Medorum,
938 1678 1094 1736 sicut
1137 1677 1398 1737 Arsaces
1452 1678 1814 1737 Parthorum
1842 1694 2085 1752 nomen3
2148 1680 2264 1735 nisi
2305 1680 2431 1756 quis
2473 1679 2621 1739 haec

248 1764 431 1819 etiam
468 1763 619 1838 apud
643 1761 899 1824 Graecos
938 1772 1040 1820 aut
1080 1773 1382 1839 corrupta,
1426 1773 1529 1819 aut
1568 1759 1794 1821 variata
1836 1764 2014 1821 fuisse
2048 1763 2622 1823 credat.G1,AREAN.

248 1875 332 1890 —-—
372 1845 742 1918 Praefectus,
795 1849 894 1925 qui
933 1845 1031 1904 hic
1069 1846 1408 1918 Arbactus,
1467 1849 1532 1905 in
1574 1845 1825 1926 Prologo
1870 1858 1958 1906 est
1996 1846 2304 1906 Arbaces:
2359 1842 2626 1919 Diodoro,

196 1916 318 1988 1Π.
362 1927 463 1992 24.
538 1929 811 1989 Straboni
870 1930 969 1988 lib.
1006 1926 1170 1989 XVI.
1241 1931 1544 1990 Athenaeo
1584 1931 1752 1993 XlL‘
1768 1934 1828 1993 7.
1885 1930 2096 2012 Agath.
2147 1931 2220 1990 ΙΙ.
2270 1924 2616 2009 ’Λρβάκης.

240 2011 470 2072 Velleio
509 2014 555 2073 1.
598 2016 659 2076 6.
708 2016 989 2077 mendose
1034 2013 1380 2076 Pharnaces
1422 2035 1527 2092 pro
1568 2016 1854 2081 Arvaces.
1941 2016 2151 2075 Orosio
2195 2014 2243 2073 1.
2292 2017 2390 2077 19.
2421 2026 2503 2075 ct
2541 2014 2622 2075 11.

238 2100 300 2159 2.
386 2098 695 2158 Arbatus:
742 2118 974 2179 'quem,
1045 2101 1265 2177 inquit,
1335 2101 1453 2159 alii
1506 2100 1593 2158 Ar
1582 2101 1793 2159 ·bacem
1853 2112 2090 2159 vocant.
2174 2100 2480 2159 Bonisana.
2533 2130 2621 2145 --

236 2180 498 2241 Macrob.
541 2185 605 2241 in
649 2181 850 2243 Somn.
896 2175 1317 2260 Scip.11.10.
1369 2182 1562 2245 Nicol.
1605 2185 1754 2260 apud
1788 2183 1981 2245 Vales.
2011 2202 2142 2262 pag.
2170 2180 2314 2245 425
2353 2183 2619 2243 Brumae.

238 2297 325 2311 —
367 2266 520 2327 lunt.
560 2265 871 2341 Arbacus,
924 2270 1076 2347 quod
1128 2271 1366 2345 propius
1412 2288 1447 2325 a
1486 2290 1558 2327 ve
1543 2289 1628 2327 ro
1671 2268 1855 2327 abest.
1930 2267 2316 2327 scribendum
2359 2270 2516 2325 enim
2553 2279 2622 2326 ut

238 2354 304 2410 in
345 2351 649 2432 Prologis‚
695 2364 757 2413 et
796 2355 947 2430 apud
990 2356 1134 2412 alios
1176 2357 1521 2429 scriptores,
1566 2372 1709 2432 quos
1750 2355 1950 2412 laudat
1992 2352 2384 2432 Bongarsius,
2423 2353 2516 2412 41
2503 2354 2621 2430 fia
2691 2387 2694 2392 -

239 2455 358 2496 ces.
441 2437 700 2497 lustinus
759 2458 892 2498 cum
931 2437 1128 2518 Trogo
1184 2440 1248 2497 in
1300 2438 1602 2498 Medorum
1659 2457 1887 2516 quoque
1943 2456 2163 2517 regno,
2241 2447 2309 2494 ut
2359 2438 2621 2514 plerique

241 2509 377 2593 alii,
422 2525 683 2600 sequitur
717 2521 948 2584 Ctesiae
1000 2523 1177 2581 fidem
1217 2523 1386 2580 valde
1429 2523 1781 2596 sublestam,
1825 2543 1958 2580 cum
2001 2521 2251 2580 certiora
2292 2523 2430 2595 sint,
2472 2541 2621 2599 quae

245 2606 321 2663 de
361 2605 530 2665 huius
588 2610 758 2687 regni
814 2617 947 2665 ortu
1011 2618 1070 2665 et
1128 2603 1436 2665 duratione
1496 2609 1677 2668 tradit
1737 2607 2070 2665 Herodotus
2120 2605 2163 2664 1.
2208 2603 2308 2666 95.
2356 2616 2415 2664 ct
2455 2623 2619 2684 seqq.

243 2688 530 2749 Nimirum
575 2712 711 2750 cum
748 2692 1119 2768 Assyriorum
1162 2711 1411 2772 regnum
1468 2693 1762 2750 intestinis
1807 2691 2148 2749 tumultibus
2188 2701 2501 2750 vexaretur
2544 2692 2617 2748 ob

246 2775 481 2833 eaedem
523 2773 978 2849 Sennacheribi,
1043 2776 1113 2833 ab
1157 2778 1410 2876 Assyriis
1455 2778 1739 2835 defecisse
1782 2776 2013 2848 Medos,
2080 2783 2139 2832 et
2179 2795 2244 2832 se
2285 2777 2345 2832 in
2382 2777 2621 2833 liberta-

242 2868 364 2917 tem
404 2864 759 2934 asseruisse,
815 2879 1060 2940 cumque
1100 2863 1220 2919 suis
1266 2862 1516 2921 fuissent
1554 2861 1781 2941 legibus
1824 2860 1915 2917 usi
1955 2860 2304 2937 aliquamdiu
2348 2861 2477 2918 sine
2522 2879 2621 2918 re-

224 2949 348 3024 ge,
391 2945 607 3025 legisse
649 2946 888 3004 tandem
925 2965 1160 3025 regem,
1205 2947 1304 3021 qui
1342 2945 1531 3006 (lictus
1563 2949 1641 3002 sit
1681 2945 1967 3016 Deioces,
2012 2947 2108 3020 qui
2147 2942 2444 3001 Ecbatana
2480 2963 2620 3002 con-

243 3027 494 3102 diderit,
540 3040 599 3088 et
642 3050 891 3110 regnum
931 3049 1113 3109 usque
1155 3032 1229 3089 ad
1272 3029 1513 3089 fluvium
1557 3029 1755 3107 Halyn
1790 3031 2168 3105 protuleritf
2159 3009 2288 3086 cui
2321 3041 2620 3088 successe-

237 3114 320 3171 nt
372 3113 686 3172 Phraortes
726 3115 931 3208 filius,
1003 3117 1101 3192 qui
1154 3114 1362 3173 Persas
1426 3116 1749 3187 domuerit,
1817 3114 1922 3172 sed
1977 3113 2047 3170 ab
2100 3109 2352 3190 Assyriis
2416 3127 2618 3172 caesus

241 3197 462 3270 fuerit,
531 3187 761 3258 tantu'm
805 3191 1005 3273 abest,
1043 3194 1130 3257 ut
1172 3209 1294 3256 tum
1338 3199 1520 3259 fuerit
1564 3201 1908 3258 extinctum
1929 3199 2298 3275 ‘Assyriorum
2338 3207 2626 3277 reguum‘

241 3280 542 3341 Phraortis
580 3283 802 3356 filium,
855 3284 1095 3343 Dciocis
1137 3295 1449 3360 nepotem,
1505 3286 1686 3341 fuisse
1725 3281 2080 3366 Cyaxarem,
2137 3284 2234 3360 qui
2260 3279 2477 3340 Ninum
2522 3303 2619 3342 ce-

240 3369 428 3442 perit,
473 3378 535 3426 et
573 3371 843 3445 Assyrios
887 3369 1194 3427 domuerit.
1282 3365 1457 3427 Hunc
1501 3371 1799 3444 excepisse
1842 3357 2138 3446 Astyagen
2185 3365 2401 3438 filium,
2445 3385 2619 3443 quem

243 3449 428 3529 Cyrus
470 3454 712 3525 vicerit,
756 3454 948 3512 deleto
990 3471 1176 3532 regno
1208 3452 1549 3527 Medorum,
1593 3454 1744 3531 quod
1785 3454 2016 3510 steterit
2052 3448 2171 3512 150
2197 3469 2397 3508 annos.
2452 3451 2619 3511 Haec

241 3533 533 3594 Ctesianis
570 3540 804 3596 veriora
856 3558 985 3598 esse
1037 3540 1237 3597 multis
1278 3537 1527 3597 adstruit
1567 3536 1926 3597 Marshamus
1960 3538 2026 3593 in
2068 3534 2302 3593 Conone
2343 3533 2615 3600 chronol.

238 3619 410 3679 Sacc.
455 3620 647 3679 XVII.
728 3621 968 3681 Gnsuv.
2623 3663 2630 3674 ·

371 3701 375 3705 ’
411 3705 884 3766 Aunsces.1ta
916 3708 1152 3765 omnino
1183 3705 1584 3781 scribendum,
1625 3727 1752 3767 non
1772 3716 1965 3764 autem
1997 3704 2318 3762 Arbae-tus.
2361 3705 2423 3762 id
2468 3706 2618 3765 duae

240 3791 500 3850 rationes
557 3793 833 3851 suadent·
906 3794 1093 3868 prima
1149 3802 1239 3850 est
1291 3792 1445 3869 quod
1484 3793 1788 3851 Arbactus·
1825 3791 2210 3849 desinentiam
2259 3788 2619 3848 barbaricam

240 3893 358 3932 non
405 3875 614 3950 habet;
676 3880 861 3935 altera
903 3877 1054 3954 quod
1099 3878 1410 3935 manifeste
1451 3880 1728 3952 scriptum
1772 3886 1863 3934 est
1903 3874 2167 3933 Arbaces
2211 3874 2275 3931 in
2313 3875 2431 3932 illis
2471 3874 2666 3948 Pro-1

241 3960 433 4040 logis,
496 3963 595 4037 qui
652 3982 686 4018 e
727 3960 900 4021 MSS.
942 3959 1122 4019 Codd.
1175 3980 1213 4020 a
1253 3961 1575 4044 Bongarsio
1630 3961 1698 4018 V.
1743 3960 1826 4019 Cl.
1881 3958 2162 4038 publicati
2210 3966 2365 4015 sunt.
2452 3960 2618 4016 Adde

242 4041 354 4102 hoc
417 4045 573 4121 quod
631 4047 717 4104 ita
758 4045 1114 4125 chronologi
1166 4049 1337 4122 paulo
1380 4047 1745 4107 eruditiores.
1808 4045 2033 4104 Pansa.
2081 4073 2163 4085 --
2237 4040 2431 4099 Editio
2476 4041 2616 4100 Iun-

245 4129 405 4201 tina,
445 4132 538 4188 uti
572 4129 859 4190 Graevius
901 4139 1186 4202 testatur,
1228 4130 1519 4189 Arbacus.
1604 4132 1684 4189 Et
1721 4113 1875 4206 apud
1906 4127 2209 4195 orosium,
2251 4126 2350 4200 qui
2390 4137 2465 4182 ex
2509 4146 2615 4184 no-

246 4222 368 4274 stro
414 4217 732 4289 excerpsit,
798 4215 843 4274 1.
894 4216 991 4277 19.
1041 4216 1106 4272 in
1160 4213 1339 4274 Codd.
1392 4213 1563 4274 MSS.
1597 4225 1687 4290 vut
1739 4214 1948 4272 Franc.
1993 4209 2291 4268 Fabricius
2344 4215 2616 4282 testatur,

249 4305 339 4357 est
377 4295 685 4360 Arbacus:
755 4301 910 4375 quod
955 4301 1189 4376 quidem
1228 4318 1534 4377 perperam
1586 4317 1691 4376 pro
1732 4297 2004 4356 Arbacus
2040 4294 2322 4366 scriptum
2359 4303 2613 4368 apparet.
