2813 4694
547 951 1307 1053 COMMENTAR.
1374 952 1494 1031 IN
1568 951 2134 1032 PRAEFAT.

109 1268 115 1295 ⁵
174 1291 230 1350 1.
283 1247 529 1348 Μσιτι
587 1304 675 1348 nx
731 1288 1053 1373 Romanis,
1112 1306 1305 1350 mum
1359 1306 1724 1350 consumtus
1781 1305 2134 1353 momrnls
2194 1310 2342 1354 vuu.
2428 1296 2499 1356 A.

169 1373 536 1432 Postumium
562 1375 836 1432 Albinum
861 1393 994 1433 ,σοι
1037 1392 1191 1432 anno
1233 1375 1305 1432 ab
1349 1375 1425 1434 U.
1470 1373 1531 1433 C.
1574 1372 1781 1433 DCIII.
1825 1371 2028 1433 Cicero
2071 1378 2134 1435 in
2173 1377 2355 1437 Bruto
2385 1396 2501 1439 ¹re·
2560 1380 2564 1389 '
2602 1376 2622 1396 ⁸

169 1459 290 1515 fert
344 1459 650 1516 historiam
706 1459 778 1516 ‹le
834 1460 1008 1517 rebus
1065 1458 1345 1518 Romanis
1392 1459 1620 1518 Graece
1675 1460 1993 1532 scripsisse.
2075 1460 2238 1523 Idem
2280 1464 2374 1521 tle·
2397 1482 2498 1522 eo·
2543 1500 2548 1509 ·

172 1542 306 1599 dem
364 1545 449 1599 ait
490 1542 712 1600 Gellius
762 1542 861 1600 lib.
893 1543 1007 1601 XI.
1065 1562 1188 1618 cap.
1229 1543 1289 1605 8.
1372 1543 1579 1602 Florus
1621 1545 1684 1601 in
1725 1542 1878 1607 Livii
1923 1543 2172 1618 epitome
2213 1545 2310 1603 lib.
2342 1546 2493 1606 LIII.

172 1624 237 1683 C.
277 1625 490 1684 Iulium
532 1626 911 1699 senatorem,
970 1627 1287 1704 Dionysius
1326 1626 1806 1686 Halicarnasseus
1861 1628 1925 1687 in
1977 1628 2337 1701 praefatione
2382 1630 2494 1690 Hi-

106 1728 116 1737 ·
173 1712 394 1767 sturiae
438 1729 579 1767 suae
608 1710 849 1769 Fabium
891 1710 1217 1782 Pictorem,
1277 1722 1339 1769 et
1374 1712 1442 1769 L.
1488 1710 1750 1770 Cincium
1791 1730 1886 1770 res
1926 1709 2218 1772 Romanas
2263 1713 2490 1775 Graeco

70 1860 79 1865 ‚
173 1812 448 1852 sermone
486 1796 779 1869 scripsisse
819 1804 1293 1859 commemorant.
1378 1795 1691 1854 Gaul-tax.

344 1877 672 1959 Mun-Ex
709 1879 1010 1937 Romsms.
1092 1879 1174 1937 Ut
1214 1881 1283 1937 A.
1325 1878 1602 1952 Albinus,
1645 1880 1938 1938 referente
1978 1881 2047 1939 A.
2082 1879 2273 1939 Gellio
2316 1878 2487 1941 Noct.

171 1958 297 2019 Ate.
339 1960 449 2019 XI.
490 1960 548 2023 8.
633 1961 776 2021 Vide
806 1961 1063 2022 Macrob.
1107 1965 1236 2021 init.
1263 1962 1500 2022 Satura.
1548 1974 1609 2021 et
1650 1962 1768 2021 Cio.
1796 1963 1957 2024 Brut.
2002 1983 2125 2040 cap.
2153 1966 2252 2026 21.
2313 1963 2489 2025 Hune

164 2046 365 2103 locum
417 2054 737 2121 opportune
788 2049 1085 2126 suggessit
1141 2048 1435 2106 eruditiss.
1476 2046 1598 2105 1011.
1638 2046 2106 2106 Freinshemius:
2161 2050 2323 2107 cuius
2365 2051 2490 2109 acri

165 2130 461 2206 politoque
516 2133 735 2190 iudicio
777 2134 1086 2205 plurimum
1125 2131 1302 2190 hasce
1342 2142 1512 2190 notas
1562 2131 1808 2204 debere,
1866 2134 2066 2190 statim
2104 2133 2272 2190 initio
2310 2132 2488 2208 profi-

76 2206 89 2221 ’
166 2216 283 2271 teri
325 2214 485 2272 libet.
570 2214 675 2273 Sic
713 2216 985 2275 Lucullus
1015 2215 1327 2291 Marsicum
1369 2216 1584 2273 bellum
1609 2215 1834 2274 Graece
1874 2218 2125 2290 scripsit.
2158 2215 2311 2275 Plut.
2345 2217 2486 2275 Luc.

140 2316 295 2374 ‘eap.
324 2300 385 2359 2.
430 2297 492 2357 C.
517 2297 698 2358 Iulius
731 2298 984 2359 Senator
1008 2300 1233 2365 Graece
1264 2320 1359 2359 res
1390 2298 1683 2362 Romanas
1712 2302 1961 2375 scripsit.
2005 2300 2130 2359 Liv.
2164 2298 2318 2375 Epit.
2337 2298 2485 2358 LIII.

166 2384 211 2440 f.
254 2385 508 2441 Annales
547 2386 847 2444 Acilianos
886 2385 1112 2443 Graece
1152 2387 1433 2460 scriptos,
1477 2396 1540 2443 et
1577 2386 1783 2443 Latine
1822 2403 2023 2443 versos
2068 2384 2251 2442 refert
2286 2384 2484 2442 Livius

165 2466 369 2526 XXV.
400 2468 502 2529 39.
538 2465 633 2529 14.
670 2468 865 2526 Etiam
886 2468 1097 2528 ‘Cicero
1128 2471 1543 2530 commentaria
1569 2467 1914 2528 Consulatus
1949 2471 2040 2528 sui
2072 2468 2298 2526 Graece
2325 2487 2484 2528 com·

163 2551 362 2627 pos'uit
401 2551 502 2609 lib.
531 2551 574 2610 1.
621 2553 695 2610 ad
736 2555 855 2612 Att.
899 2553 1006 2628 Ep.
1047 2556 1266 2628 penult.
1347 2552 1730 2612 Bnmvnccna.

334 2635 667 2696 Pontius·
746 2636 891 2696 Eius
948 2638 1021 2695 de
1063 2656 1282 2717 genere
1322 2636 1577 2695 lustinus
1617 2638 1725 2702 inf.
1761 2634 1974 2696 XLIII.
2015 2632 2076 2697 5.
2114 2637 2212 2699 13.
2249 2630 2343 2697 14.
2383 2632 2482 2699 15·
2530 2635 2536 2646 ’

162 2718 347 2779 lum.
375 2751 461 2764 --
523 2719 883 2779 Mentionem
912 2721 1081 2779 huius
1121 2732 1181 2779 et
1214 2722 1368 2780 infra
1386 2722 1539 2780 facit
1571 2717 1920 2780 XXXVIII·
1945 2721 2001 2780 3.
2040 2721 2137 2781 11.
2174 2730 2234 2778 et
2263 2719 2480 2779 XLlII.

164 2802 229 2866 5.
279 2805 377 2865 18.
430 2813 491 2862 et
542 2807 736 2881 priore
791 2806 1024 2883 quidem
1081 2805 1248 2879 loco,
1302 2806 1439 2883 quid
1483 2805 1711 2884 'h-ogus
1764 2804 1829 2862 in
1876 2803 2039 2862 Livio
2093 2822 2163 2862 ac
2203 2802 2482 2864 Sallustio

168 2888 551 2961 desiderarit3
604 2893 925 2965 posteriore
985 2909 1165 2962 vero,
1222 2890 1564 2967 quibusnam
1618 2887 1953 2963 parentibus
2007 2899 2323 2967 prognatus
2380 2889 2480 2946 ille
2533 2943 2536 2946 Α
2633 2911 2638 2917 ·

164 2975 281 3045 sit,
320 2974 578 3047 exponit.
660 2971 921 3032 Aliorum
959 2975 1030 3032 de
1072 2975 1275 3032 eodem
1319 2975 1687 3045 testimonia,
1728 2982 1830 3029 aut
1868 2971 2115 3044 iudicia,
2159 2990 2333 3047 supra
2368 2974 2483 3048 ipsi

164 3056 302 3114 huic
330 3059 617 3131 epitomae
645 3060 960 3132 praemissa
993 3059 1209 3117 videas.
1276 3058 1468 3136 Trogi
1496 3076 1709 3115 nomen
1741 3053 1994 3113 habuere
2028 3065 2089 3113 et
2118 3058 2237 3114 alii.
2295 3055 2479 3115 Varro

163 3141 401 3217 quidem
443 3139 546 3198 lib.
586 3140 655 3200 V.
695 3143 769 3200 de
810 3141 871 3200 L.
903 3142 968 3201 L.
1012 3142 1079 3201 T.
1126 3142 1468 3213 Quinctium
1506 3140 1764 3218 Trogum
1807 3142 2084 3200 nominat.
2126 3139 2351 3198 Vonsr.
2396 3172 2477 3185 —-

163 3224 222 3283 Is
268 3223 374 3283 sub
418 3225 667 3304 Augusti
704 3230 900 3284 seculo
942 3228 1110 3284 vixit.
1188 3228 1351 3285 Avus
1400 3245 1434 3282 e
1477 3223 1810 3295 VocontIis,
1866 3224 2092 3282 Galliae
2136 3219 2479 3283 Narbonen-
2559 3231 2568 3244 ¹

163 3312 246 3368 sis
301 3312 538 3384 populo,
604 3309 943 3380 Sertoriano
996 3312 1150 3368 bello
1208 3293 1447 3384 civitate
1503 3327 1541 3365 a
1587 3306 1690 3366 Cn.
1785 3307 2058 3384 Pompeio
2103 3309 2381 3381 donatus;
2441 3326 2477 3366 a

162 3413 280 3470 quo
332 3405 392 3451 et
436 3395 981 3470 nomen'accepissc
1022 3395 1273 3453 videtur.
1353 3393 1530 3451 Pater
1576 3396 1698 3451 eius
1741 3391 1846 3451 sub
1889 3392 2035 3449 Iulio
2077 3390 2323 3450 Caesare
2369 3393 2479 3449 mi·-

160 3477 413 3536 litabat..
472 3477 565 3536 De
597 3478 688 3535 his
723 3480 859 3538 vide
892 3480 996 3536 inf.
1023 3479 1123 3536 lib.
1151 3471 1366 3536 XLIII.
1404 3496 1536 3552 cap.
1558 3475 1618 3538 5·
1660 3476 1908 3552 Scripsit
1938 3478 2113 3534 etiam
2152 3477 2223 3533 de
2255 3477 2478 3533 anima-

160 3563 345 3635 libus,
386 3580 502 3639 quo
540 3565 777 3620 nomine
817 3565 1044 3638 saepius
1085 3582 1121 3620 a
1144 3562 1333 3620 Plinio
1377 3573 1438 3619 et
1465 3561 1725 3620 Charisio
1765 3561 2047 3619 laudatur.
2129 3558 2269 3617 Eius
2299 3562 2478 3620 etiam
2585 3559 2596 3570 '

159 3650 483 3705 meminere
518 3629 794 3719 Sei-rius,
846 3647 921 3705 D.
966 3647 1359 3724 Hieronymus
1377 3687 1397 3720 ,
1454 3646 1845 3726 Augustinus,
1906 3645 2145 3703 Orosius
2164 3683 2185 3717 ‚
2226 3643 2479 3703 Priscia-

158 3750 302 3806 nus,
346 3731 582 3807 aliique.
668 3731 873 3789 Oxou.
913 3731 1026 3789 En.
1659 3745 1665 3750 ·

325 3814 442 3874 Ta.
480 3814 793 3891 Pomanus
858 3815 1141 3874 Gaancss
1212 3829 1291 3873 m·
1348 3829 1569 3872 'torius
1624 3829 1797 3872 omns
1854 3824 2178 3872 maronias
2236 3808 2508 3878 Lumo,

155 3914 447 3957 suanum:
491 3903 851 3958 comosum.
935 3898 1135 3958 Codex
1160 3898 1637 3975 Franequeranus
1670 3916 1799 3955 cum
1829 3894 2191 3955 Del-villiano
2219 3896 2475 3954 secundo

150 3984 219 4041 in
248 3981 405 4041 hune
439 3982 702 4042 orffinem
734 3983 880 4042 haec
912 3983 1164 4042 habent:
1200 3982 1305 4040 Gr.
1339 3993 1400 4040 et
1433 3984 1619 4040 totius
1651 3980 1942 4039 historias
1974 3979 2154 4066 orbi&
2226 3978 2353 4038 Nee
2383 3981 2475 4037 in·

150 4078 405 4125 venusta
446 4070 561 4125 ista
603 4070 763 4144 vocis
807 4068 1100 4127 historias
1143 4065 1544 4142 transpositi03
1565 4059 1816 4141 ¹qualem
1858 4065 2067 4121 merito
2110 4075 2336 4139 quoque
2372 4080 2473 4137 ap-

148 4149 441 4226 probabat
474 4154 1004 4229 praestantissimus
1044 4151 1092 4212 1.
1137 4150 1206 4209 F.
1248 4151 1575 4209 Gronovius
1617 4151 1682 4224 in
1723 4148 1813 4206 his
1842 4146 2035 4205 Taciti
2063 4148 2213 4204 Anu.
2239 4144 2339 4202 III.
2368 4146 2470 4205 73.

150 4254 271 4293 nou
317 4236 480 4294 aliae
521 4241 717 4314 magia
763 4256 877 4295 sua
905 4236 1235 4316 populique
1274 4235 1628 4296 contumelia
1669 4231 1925 4290 Romani
1965 4230 2305 4289 indoluisse.
2395 4226 2477 4284 Et

148 4319 416 4393 pluribus
470 4320 635 4378 illam
689 4339 727 4378 a
781 4339 877 4380 me
931 4320 1222 4380 adsertam
1277 4319 1521 4380 memini
1572 4317 1648 4375 ad
1705 4313 1891 4376 Cicer.
1938 4313 2249 4460 'lingoniam
2293 4307 2364 4368 V.
2405 4305 2474 4369 5.
