2813 4694
223 238 308 305 70
378 336 389 343 Α
772 229 1410 329 ὶιιοιτιόιιιιινι
1470 227 1999 329 HoMlNUM
2141 178 2160 199 ⁸

221 417 314 487 sis
354 417 656 485 alterius:
710 418 827 484 sed
879 421 1033 508 quie
1087 438 1401 505 nusquam
1455 430 1674 483 notam
1720 415 2042 497 ostendit,
2102 438 2228 506 qua
2285 413 2450 482 alter
2496 413 2601 480 di·

222 522 448 604 gnosci
489 518 570 584 ab
615 518 817 585 altero
857 535 923 585 et
953 519 1236 585 discerni
1266 529 1491 606 queat3
1535 533 1874 607 utrumque
1907 519 2078 583 enim
2112 519 2601 584 membraneum
2675 547 2690 553 ·

222 633 537 685 memorat
575 621 814 700 fuisse,
854 620 1016 685 nihil
1061 633 1426 707 praeterea:
1469 641 1682 685 nonne
1736 623 2018 685 incertus
2062 622 2191 684 eris
2231 626 2489 706 semper
2531 630 2602 682 et

222 717 558 801 haerebis,
600 737 814 788 utrum
855 718 1280 806 significarat
1360 721 1729 787 Gronovius
1783 743 2034 808 quoque
2088 742 2220 785 uon
2275 717 2482 787 semel
2523 740 2600 783 se

222 818 390 886 hanc
431 820 540 887 vel
583 822 763 888 illam
802 820 1143 887 lectionem
1188 823 1258 885 in
1299 819 1485 887 libris
1526 824 1816 911 scriptis,
1869 824 1939 885 in
1985 820 2237 886 duobus
2275 818 2604 907 pluribus-

223 941 307 986 ve
347 919 721 1002 Cedicibus,
763 923 1082 1013 reperisse
1123 923 1216 987 ait
1233 920 1322 1008 ³⁸)·.
1367 921 1490 988 sed
1531 924 1603 986 in
1642 921 1897 1009 quibus,
1940 942 2069 988 non
2117 920 2325 987 addit.
2406 918 2603 987 Uter·
2633 914 2650 929 ⁸

222 1044 349 1109 que
388 1021 591 1089 libros
633 1044 786 1089 suos
829 1044 957 1088 non
1017 1037 1185 1089 totos
1206 1070 1227 1104 ,
1280 1023 1457 1110 quod
1514 1022 1598 1089 de
1636 1021 2000 1110 Bongarsio
2059 1020 2602 1111 praedicavimus,

223 1143 715 1209 comparavere,
761 1121 878 1190 sed
924 1122 1009 1189 ad
1053 1146 1167 1191 eos
1210 1128 1278 1190 in
1321 1123 1484 1190 locis
1517 1136 1768 1188 tantum
1808 1127 2155 1211 corruptis,
2199 1120 2285 1188 de
2326 1141 2602 1211 quorum

220 1221 503 1289 lectione
542 1238 700 1290 vera
741 1225 849 1290 vel
891 1228 1019 1314 ipsi
1064 1225 1474 1305 dubitarent,
1529 1222 1640 1289 vel
1701 1224 1865 1291 alios
1924 1223 2221 1290 dubitare
2277 1224 2600 1301 viderent,

225 1323 557 1391 adierunt:
597 1323 772 1390 unde
816 1348 937 1392 nec
978 1329 1213 1392 mirum
1255 1326 1453 1392 debet
1505 1324 1761 1405 videri,
1826 1325 2226 1391 Gronovium
2280 1345 2603 1412 nusquam

226 1425 507 1506 docere,
548 1423 700 1491 libri
738 1429 838 1491 sui
882 1427 1216 1494 ‹liversine
1258 1426 1500 1492 fuerint
1543 1446 1807 1503 omnes,
1860 1448 1945 1490 an
1996 1448 2165 1492 nnus
2225 1446 2451 1491 eorum
2507 1445 2601 1491 ex
2711 1494 2718 1503 ,

224 1525 463 1607 altero,
516 1524 717 1591 'veluti
776 1550 815 1593 e
869 1528 1051 1594 fonte
1105 1531 1319 1606 rivus,
1377 1527 1676 1590 manarit.
1758 1526 1869 1591 Sic
1908 1548 2064 1591 vero
2109 1549 2292 1604 eum,
2345 1540 2412 1591 et
2453 1523 2601 1591 Mo-

226 1624 441 1707 dium,
473 1648 666 1694 nemo
708 1626 901 1693 facile
944 1628 1233 1708 dixerit,
1297 1647 1497 1714 opera
1540 1647 1659 1690 sua
1701 1629 1978 1713 posteris
2019 1631 2280 1693 omnino
2324 1624 2601 1709 multum

223 1727 546 1814 profuisse
562 1736 677 1811 ⁸⁸³).
761 1727 894 1793 Sed
940 1727 1025 1794 de
1066 1727 1254 1795 libris
1294 1728 1550 1815 scriptis
1593 1725 1826 1792 Iustini
1849 1726 2199 1793 hactenus.
2260 1729 2600 1794 veniamus

224 1827 313 1893 ud
355 1826 603 1908 editos,
661 1828 746 1894 de
787 1829 1020 1917 quibus
1075 1831 1171 1894 itu
1226 1827 1445 1894 dicere
1501 1825 1912 1909 conabimur,
1966 1842 2039 1894 ut
2095 1829 2271 1895 unde
2328 1828 2600 1917 quisque

225 1928 457 1996 dumus
499 1933 619 2008 sit,
665 1944 972 2018 quantum
1013 1930 1183 1996 adeo
1226 1931 1459 2017 cuique
1503 1929 1949 2015 tribuendum,
1996 1943 2322 2017 appareat.

394 2029 703 2095 Omnium
763 2047 1015 2111 autem,
1077 2045 1149 2096 ut
1205 2033 1436 2118 opinor
1448 2032 1600 2116 Μ’),
1673 2029 2030 2123 editionum
2083 2030 2316 2096 Iustini
2372 2032 2603 2119 primis

226 2129 517 2210 duabus,
556 2154 824 2218 quarum
864 2130 1071 2197 altera
1110 2129 1416 2197 Venetiis
1456 2132 1578 2198 fuit
1607 2126 1786 2197 'anno
1826 2133 2309 2218 septuagesimo
2353 2130 2604 2198 saeculi

225 2242 265 2295 a
326 2230 399 2297 C.
440 2228 527 2298 Ν.
581 2235 787 2320 quinti
845 2233 1083 2299 decimi
1136 2253 1178 2297 a
1231 2231 1376 2299 Nic.
1443 2231 1756 2312 Iensono,
1833 2232 2040 2297 altera
2097 2232 2352 2299 duobus
2410 2234 2604 2299 aunis

176 2397 185 2416 ,
224 2350 375 2420 post
412 2357 458 2400 a
496 2331 694 2399 Cunr.
736 2333 1130 2401 Sueuhemio
1174 2347 1240 2400 et
1276 2332 1574 2401 Arnoldo
1615 2333 1920 2401 Panartio
1953 2333 2605 2415 Roma030adornata,

223 2448 557 2517 usus-est,
615 2436 738 2502 sed
791 2439 888 2501 ita
944 2450 1018 2501 ut
1066 2457 1189 2502 nec
1241 2457 1399 2502 usus
1459 2435 1673 2501 videri
1712 2439 1921 2523 possit
1967 2436 2334 2504 Gronovius
2374 2457 2606 2523 nepos.

224 2557 502 2625 namque
556 2551 630 2603 nt
683 2536 888 2604 libros
940 2538 1506 2624 manu-scriptos,
1567 2538 1662 2601 ita
1718 2549 1786 2602 et
1837 2537 2160 2604 editiones
2213 2538 2608 2624 scriptorum

227 2637 519 2705 veterum
563 2640 920 2725 principes,
978 2636 1105 2703 hoc
1146 2651 1279 2718 est,
1346 2661 1385 2705 e
1449 2635 1636 2703 libris
1692 2639 1951 2725 scriptis
2012 2638 2272 2719 ductas,
2329 2661 2606 2727 quarum

227 2759 352 2805 nec
392 2738 581 2826 copia
634 2760 891 2828 semper
946 2751 1013 2804 et
1063 2737 1289 2804 ubivis.
1336 2736 1627 2804 locorum
1683 2736 1906 2819 detur,
1965 2753 2079 2806 aut
2131 2761 2404 2827 prorsus,
2447 2762 2606 2822 non,

227 2854 341 2906 aut
390 2842 486 2906 ita
536 2836 921 2926 diligenter,
977 2860 1254 2920 censeo,
1319 2853 1387 2905 et
1438 2841 1583 2928 quis
1625 2859 1757 2905 non
1802 2839 1981 2905 idem
2021 2841 2327 2906 censeat?
2379 2842 2608 2920 confe-

227 2939 467 3008 rendas
506 2952 675 3007 totas
716 2962 900 3020 esse,
953 2951 1028 3005 ut
1079 2940 1281 3006 futuri
1335 2952 1670 3007 unctorum
1725 2938 2010 3006 editores
2065 2939 2189 3005 hoc
2230 2939 2454 3009 labore
2494 2965 2609 3011 m-

226 3039 577 3131 persedere
630 3042 903 3128 possint.
993 3040 1087 3110 At
1146 3064 1306 3110 vero
1341 3041 1711 3109 Gronovius
1749 3042 1821 3106 in
1863 3041 2275 3136 consulendis
2316 3043 2454 3110 illis
2494 3044 2609 3112 lu-

229 3143 383 3208 stini
431 3139 919 3230 exemplaribus
970 3153 1104 3208 tam
1143 3143 1503 3231 neglegens
1539 3128 1702 3223 fuit,
1758 3155 1832 3208 ut
1882 3163 1967 3207 ne
2017 3142 2292 3209 formam
2335 3144 2608 3233 quidem

228 3240 572 3324 foliorum,
646 3243 880 3332 quibus
937 3241 1259 3332 descripta
1308 3254 1497 3325 sunt,
1554 3265 1825 3332 usquam
1882 3243 2205 3310 indicarit.
2301 3244 2608 3314 Profectu

229 3356 450 3412 eutem
501 3289 619 3412 illa
671 3367 818 3412 esse
875 3365 935 3412 e
955 3342 1308 3413 codicibus
1362 3344 1678 3427 diversis,
1734 3347 1932 3414 etiam
1975 3367 2067 3412 ex
2107 3347 2332 3432 paucis
2375 3370 2608 3418 eorum

396 3584 737 3709 :)vi‹1.v.
785 3605 840 3646 c.
881 3581 1019 3646 XV.
1064 3586 1125 3648 2.
1179 3584 1598 3649 1.xv111.1.
1640 3588 1700 3648 6.
1743 3586 1988 3648 et7.1.

400 3673 493 3749 ¹⁰⁸)
530 3669 625 3731 De
667 3669 966 3730 Gronovio
1018 3670 1157 3730 vide
1210 3686 1361 3747 quse
1421 3673 1673 3731 diximus
1729 3673 1797 3732 in
1844 3670 2032 3730 Notit.
2072 3669 2342 3733 Littera.
2364 3667 2514 3745 vol.
2557 3674 2608 3736 1.

234 3754 329 3816 oct.
367 3766 557 3816 nostr.
599 3772 733 3835 με.
773 3753 1068 3815 xxxvl.
1145 3752 1252 3815 Fu.

251 3878 255 3882 .
400 3842 529 3916 m)
566 3837 723 3899 Fieri
765 3851 996 3915 potest,
1050 3850 1120 3898 ut
1158 3838 1565 3900 lemouisnsm
1619 3839 1970 3917 antiquitate
2028 3850 2262 3916 superet
2314 3838 2608 3918 Romana,

236 3941 389 4004 quae
428 3941 570 3985 cure
607 3921 869 3986 Udalrici
908 3921 1078 3990 Galli
1105 3944 1152 3984 s.
1193 3923 1414 4000 Hanii,
1471 3926 1600 3984 sine
1651 3927 1790 3986 anui
1843 3925 2059 3985 indicio
2114 3926 2302 3990 forms
2358 3929 2610 4001 maiore,

230 4008 467 4086 prodiit.
547 4026 685 4068 uam
724 4007 893 4092 hq'us
932 4007 1061 4068 Viri
1098 4008 1327 4068 officina
1366 4012 1484 4068 iam
1525 4010 2144 4089 duodcscptuagesimo
2183 4029 2337 4073 anno
2379 4013 2612 4071 saeculi

235 4094 425 4169 quinti
464 4089 681 4153 decimi
715 4091 960 4152 celebris
1002 4093 1135 4153 fieri
1175 4093 1397 4153 Romae
1439 4096 1649 4170 coepit.
1730 4092 2009 4154 Meterius
2050 4102 2278 4170 tamen,
2334 4097 2429 4154 cui
2471 4097 2608 4156 cius

232 4179 504 4246 notitiam
542 4177 763 4255 debeo,
821 4195 951 4238 ean
989 4180 1315 4258 postposuit
1356 4177 1781 4239 len-oniense:
1837 4196 1952 4258 que
1984 4178 2192 4239 ductus
2232 4190 2612 4260 argu-ento,
