<?xml version="1.0" encoding="UTF-8"?>
<!DOCTYPE html PUBLIC "-//W3C//DTD XHTML 1.0 Transitional//EN"
    "http://www.w3.org/TR/xhtml1/DTD/xhtml1-transitional.dtd">
<html xmlns="http://www.w3.org/1999/xhtml" xml:lang="en" lang="en">
 <head>
  <title>
</title>
<meta http-equiv="Content-Type" content="text/html;charset=utf-8" />
  <meta name='ocr-system' content='tesseract 3.04.00' />
  <meta name='ocr-capabilities' content='ocr_page ocr_carea ocr_par ocr_line ocrx_word'/>
</head>
<body>
  <div class='ocr_page' id='page_1' title='image "./iustinihistoria00heergoog_0066.png"; bbox 0 0 2813 4694; ppageno 0'>
   <div class='ocr_carea' id='block_1_1' title="bbox 222 183 2108 344">
    <p class='ocr_par' dir='ltr' id='par_1_1' title="bbox 222 183 2108 344">
     <span class='ocr_line' id='line_1_1' title="bbox 222 183 2108 344; baseline -0.007 -32"><span class='ocrx_word' id='word_1_1' title='bbox 222 321 235 344; x_wconf 55' lang='grc'><em>,</em></span> <span class='ocrx_word' id='word_1_2' title='bbox 322 238 409 312; x_wconf 74' lang='grc'><strong>54</strong></span> <span class='ocrx_word' id='word_1_3' title='bbox 910 183 2108 314; x_wconf 58' lang='grc' dir='ltr'><strong>υοοτοῄυΜ’·;ΗοΜιΝυιι</strong></span> 
     </span>
    </p>
   </div>
   <div class='ocr_carea' id='block_1_2' title="bbox 252 417 2780 4250">
    <p class='ocr_par' dir='ltr' id='par_1_2' title="bbox 252 417 2782 4250">
     <span class='ocr_line' id='line_1_2' title="bbox 324 417 2732 512; baseline -0.003 -23"><span class='ocrx_word' id='word_1_4' title='bbox 324 444 461 489; x_wconf 88' lang='lat' dir='ltr'><strong>rem</strong></span> <span class='ocrx_word' id='word_1_5' title='bbox 503 435 874 512; x_wconf 79' lang='lat' dir='ltr'><strong>apparatum</strong></span> <span class='ocrx_word' id='word_1_6' title='bbox 920 438 1013 492; x_wconf 87' lang='lat' dir='ltr'><strong>et</strong></span> <span class='ocrx_word' id='word_1_7' title='bbox 1030 427 1452 494; x_wconf 77' lang='lat' dir='ltr'><strong>instrumenta</strong></span> <span class='ocrx_word' id='word_1_8' title='bbox 1475 421 1876 490; x_wconf 83' lang='lat' dir='ltr'><strong>eruditionis</strong></span> <span class='ocrx_word' id='word_1_9' title='bbox 1915 420 2124 508; x_wconf 82' lang='lat' dir='ltr'><strong>magis</strong></span> <span class='ocrx_word' id='word_1_10' title='bbox 2165 417 2362 485; x_wconf 84' lang='lat' dir='ltr'><strong>obvia</strong></span> <span class='ocrx_word' id='word_1_11' title='bbox 2402 430 2468 485; x_wconf 91' lang='lat' dir='ltr'><strong>et</strong></span> <span class='ocrx_word' id='word_1_12' title='bbox 2510 438 2732 504; x_wconf 80' lang='lat' dir='ltr'><strong>para-</strong></span> 
     </span>
     <span class='ocr_line' id='line_1_3' title="bbox 252 517 2731 601; baseline -0.002 -14"><span class='ocrx_word' id='word_1_13' title='bbox 252 531 259 544; x_wconf 87' lang='lat'>&#39;</span> <span class='ocrx_word' id='word_1_14' title='bbox 320 522 484 588; x_wconf 85' lang='lat' dir='ltr'><strong>bilia</strong></span> <span class='ocrx_word' id='word_1_15' title='bbox 528 519 823 591; x_wconf 77' lang='lat' dir='ltr'><strong>desidiae</strong></span> <span class='ocrx_word' id='word_1_16' title='bbox 848 517 1111 594; x_wconf 89' lang='lat' dir='ltr'><strong>maioris</strong></span> <span class='ocrx_word' id='word_1_17' title='bbox 1153 546 1446 590; x_wconf 81' lang='lat' dir='ltr'><strong>caussam</strong></span> <span class='ocrx_word' id='word_1_18' title='bbox 1491 523 1787 600; x_wconf 81' lang='lat' dir='ltr'><strong>dedisse3</strong></span> <span class='ocrx_word' id='word_1_19' title='bbox 1822 535 1888 597; x_wconf 86' lang='lat' dir='ltr'><strong>et</strong></span> <span class='ocrx_word' id='word_1_20' title='bbox 1921 525 2259 601; x_wconf 80' lang='lat' dir='ltr'><strong>minorem,</strong></span> <span class='ocrx_word' id='word_1_21' title='bbox 2299 518 2381 585; x_wconf 92' lang='lat' dir='ltr'><strong>ob</strong></span> <span class='ocrx_word' id='word_1_22' title='bbox 2423 519 2731 584; x_wconf 81' lang='lat' dir='ltr'><strong>facilita-</strong></span> 
     </span>
     <span class='ocr_line' id='line_1_4' title="bbox 326 605 2728 711; baseline -0.001 -25"><span class='ocrx_word' id='word_1_23' title='bbox 326 616 492 705; x_wconf 70' lang='lat' dir='ltr'><strong>tem&#39;,</strong></span> <span class='ocrx_word' id='word_1_24' title='bbox 562 611 975 693; x_wconf 82' lang='lat' dir='ltr'><strong>interioribus</strong></span> <span class='ocrx_word' id='word_1_25' title='bbox 1028 626 1255 691; x_wconf 85' lang='lat' dir='ltr'><strong>literis</strong></span> <span class='ocrx_word' id='word_1_26' title='bbox 1305 624 1702 692; x_wconf 77' lang='lat' dir='ltr'><strong>eruditorum</strong></span> <span class='ocrx_word' id='word_1_27' title='bbox 1760 605 2142 711; x_wconf 64' lang='lat' dir='ltr'><strong>proventum</strong></span> <span class='ocrx_word' id='word_1_28' title='bbox 2203 636 2350 711; x_wconf 88' lang='lat' dir='ltr'><strong>post</strong></span> <span class='ocrx_word' id='word_1_29' title='bbox 2389 617 2728 707; x_wconf 74' lang='lat' dir='ltr'><strong>multipli-</strong></span> 
     </span>
     <span class='ocr_line' id='line_1_5' title="bbox 329 721 2727 817; baseline -0.001 -29"><span class='ocrx_word' id='word_1_30' title='bbox 329 738 473 812; x_wconf 78' lang='lat' dir='ltr'><strong>cata</strong></span> <span class='ocrx_word' id='word_1_31' title='bbox 525 731 932 817; x_wconf 86' lang='lat' dir='ltr'><strong>antiquorum</strong></span> <span class='ocrx_word' id='word_1_32' title='bbox 985 725 1388 792; x_wconf 82' lang='lat' dir='ltr'><strong>voluminum</strong></span> <span class='ocrx_word' id='word_1_33' title='bbox 1445 722 1854 812; x_wconf 74' lang='lat' dir='ltr'><strong>exemplaria</strong></span> <span class='ocrx_word' id='word_1_34' title='bbox 1908 723 2149 802; x_wconf 87' lang='lat' dir='ltr'><strong>fuisse,</strong></span> <span class='ocrx_word' id='word_1_35' title='bbox 2227 721 2410 787; x_wconf 88' lang='lat' dir='ltr'><strong>multi</strong></span> <span class='ocrx_word' id='word_1_36' title='bbox 2465 723 2727 787; x_wconf 81' lang='lat' dir='ltr'><strong>existi-</strong></span> 
     </span>
     <span class='ocr_line' id='line_1_6' title="bbox 326 817 2725 914; baseline -0.002 -23"><span class='ocrx_word' id='word_1_37' title='bbox 326 842 684 912; x_wconf 66' lang='lat' dir='ltr'><strong>uraverunt.</strong></span> <span class='ocrx_word' id='word_1_38' title='bbox 767 823 933 892; x_wconf 89' lang='lat' dir='ltr'><strong>Cum</strong></span> <span class='ocrx_word' id='word_1_39' title='bbox 975 830 1150 910; x_wconf 86' lang='lat' dir='ltr'><strong>enim</strong></span> <span class='ocrx_word' id='word_1_40' title='bbox 1190 826 1369 912; x_wconf 74' lang='lat' dir='ltr'><strong>felici</strong></span> <span class='ocrx_word' id='word_1_41' title='bbox 1426 827 1559 891; x_wconf 85' lang='lat' dir='ltr'><strong>fato</strong></span> <span class='ocrx_word' id='word_1_42' title='bbox 1612 824 1945 891; x_wconf 88' lang='lat' dir='ltr'><strong>barbaries</strong></span> <span class='ocrx_word' id='word_1_43' title='bbox 2003 817 2332 914; x_wconf 87' lang='lat' dir='ltr'><strong>politioris</strong></span> <span class='ocrx_word' id='word_1_44' title='bbox 2362 823 2725 889; x_wconf 84' lang='lat' dir='ltr'><strong>doctrinae</strong></span> 
     </span>
     <span class='ocr_line' id='line_1_7' title="bbox 330 923 2725 1016; baseline -0.002 -24"><span class='ocrx_word' id='word_1_45' title='bbox 330 949 456 1014; x_wconf 92' lang='lat' dir='ltr'><strong>ope</strong></span> <span class='ocrx_word' id='word_1_46' title='bbox 474 928 772 1016; x_wconf 85' lang='lat' dir='ltr'><strong>depulsa</strong></span> <span class='ocrx_word' id='word_1_47' title='bbox 814 939 1024 1006; x_wconf 87' lang='lat' dir='ltr'><strong>esset,</strong></span> <span class='ocrx_word' id='word_1_48' title='bbox 1078 940 1145 993; x_wconf 87' lang='lat' dir='ltr'><strong>et</strong></span> <span class='ocrx_word' id='word_1_49' title='bbox 1194 926 1424 993; x_wconf 87' lang='lat' dir='ltr'><strong>literae</strong></span> <span class='ocrx_word' id='word_1_50' title='bbox 1463 949 1583 1016; x_wconf 89' lang='lat' dir='ltr'><strong>per</strong></span> <span class='ocrx_word' id='word_1_51' title='bbox 1624 925 1871 1013; x_wconf 76' lang='lat' dir='ltr'><strong>aliquot</strong></span> <span class='ocrx_word' id='word_1_52' title='bbox 1911 923 2136 992; x_wconf 87' lang='lat' dir='ltr'><strong>secula</strong></span> <span class='ocrx_word' id='word_1_53' title='bbox 2175 937 2576 1003; x_wconf 85' lang='lat' dir='ltr'><strong>contemtae,</strong></span> <span class='ocrx_word' id='word_1_54' title='bbox 2643 925 2725 987; x_wconf 88' lang='lat' dir='ltr'><strong>in</strong></span> 
     </span>
     <span class='ocr_line' id='line_1_8' title="bbox 327 1025 2725 1116; baseline -0.002 -24"><span class='ocrx_word' id='word_1_55' title='bbox 327 1026 519 1095; x_wconf 89' lang='lat' dir='ltr'><strong>Italia</strong></span> <span class='ocrx_word' id='word_1_56' title='bbox 578 1042 643 1095; x_wconf 91' lang='lat' dir='ltr'><strong>et</strong></span> <span class='ocrx_word' id='word_1_57' title='bbox 698 1025 1001 1116; x_wconf 90' lang='lat' dir='ltr'><strong>reliquis</strong></span> <span class='ocrx_word' id='word_1_58' title='bbox 1022 1028 1261 1094; x_wconf 91' lang='lat' dir='ltr'><strong>deinde</strong></span> <span class='ocrx_word' id='word_1_59' title='bbox 1314 1030 1616 1116; x_wconf 79' lang='lat' dir='ltr'><strong>Europae</strong></span> <span class='ocrx_word' id='word_1_60' title='bbox 1672 1025 1962 1115; x_wconf 87' lang='lat' dir='ltr'><strong>partibus</strong></span> <span class='ocrx_word' id='word_1_61' title='bbox 2012 1025 2486 1105; x_wconf 79' lang='lat' dir='ltr'><strong>recolerentur,</strong></span> <span class='ocrx_word' id='word_1_62' title='bbox 2545 1027 2725 1089; x_wconf 83' lang='lat' dir='ltr'><strong>artis</strong></span> 
     </span>
     <span class='ocr_line' id='line_1_9' title="bbox 329 1123 2725 1224; baseline -0.003 -29"><span class='ocrx_word' id='word_1_63' title='bbox 329 1130 853 1224; x_wconf 75' lang='lat' dir='ltr'><strong>typographicae</strong></span> <span class='ocrx_word' id='word_1_64' title='bbox 872 1126 1219 1200; x_wconf 78' lang='lat' dir='ltr'><strong>beneficio</strong></span> <span class='ocrx_word' id='word_1_65' title='bbox 1250 1130 1550 1195; x_wconf 89' lang='lat' dir='ltr'><strong>omnibus</strong></span> <span class='ocrx_word' id='word_1_66' title='bbox 1589 1127 1675 1195; x_wconf 90' lang='lat' dir='ltr'><strong>ad</strong></span> <span class='ocrx_word' id='word_1_67' title='bbox 1725 1149 1838 1194; x_wconf 89' lang='lat' dir='ltr'><strong>eas</strong></span> <span class='ocrx_word' id='word_1_68' title='bbox 1881 1123 2099 1198; x_wconf 81' lang='lat' dir='ltr'><strong>aditus</strong></span> <span class='ocrx_word' id='word_1_69' title='bbox 2154 1127 2360 1192; x_wconf 81' lang='lat' dir='ltr'><strong>factus</strong></span> <span class='ocrx_word' id='word_1_70' title='bbox 2420 1126 2591 1204; x_wconf 85' lang='lat' dir='ltr'><strong>fuit,</strong></span> <span class='ocrx_word' id='word_1_71' title='bbox 2653 1137 2725 1190; x_wconf 87' lang='lat' dir='ltr'><strong>et</strong></span> 
     </span>
     <span class='ocr_line' id='line_1_10' title="bbox 326 1217 2726 1316; baseline -0.002 -21"><span class='ocrx_word' id='word_1_72' title='bbox 326 1229 833 1310; x_wconf 87' lang='lat' dir='ltr'><strong>Historicorum‚</strong></span> <span class='ocrx_word' id='word_1_73' title='bbox 891 1217 1237 1295; x_wconf 82' lang='lat' dir='ltr'><strong>Oratorum</strong></span> <span class='ocrx_word' id='word_1_74' title='bbox 1280 1245 1345 1296; x_wconf 91' lang='lat' dir='ltr'><strong>et</strong></span> <span class='ocrx_word' id='word_1_75' title='bbox 1385 1230 1761 1309; x_wconf 71' lang='lat' dir='ltr'><strong>Poetarum,</strong></span> <span class='ocrx_word' id='word_1_76' title='bbox 1832 1251 1998 1316; x_wconf 90' lang='lat' dir='ltr'><strong>quae</strong></span> <span class='ocrx_word' id='word_1_77' title='bbox 2050 1226 2494 1293; x_wconf 83' lang='lat' dir='ltr'><strong>Bibliothecae</strong></span> <span class='ocrx_word' id='word_1_78' title='bbox 2549 1224 2726 1290; x_wconf 87' lang='lat' dir='ltr'><strong>olim</strong></span> 
     </span>
     <span class='ocr_line' id='line_1_11' title="bbox 329 1325 2721 1424; baseline -0.003 -28"><span class='ocrx_word' id='word_1_79' title='bbox 329 1335 864 1396; x_wconf 81' lang='lat' dir='ltr'><strong>monasteriorum</strong></span> <span class='ocrx_word' id='word_1_80' title='bbox 909 1343 975 1397; x_wconf 89' lang='lat' dir='ltr'><strong>et</strong></span> <span class='ocrx_word' id='word_1_81' title='bbox 1014 1325 1398 1421; x_wconf 87' lang='lat' dir='ltr'><strong>templorum</strong></span> <span class='ocrx_word' id='word_1_82' title='bbox 1455 1331 1752 1397; x_wconf 87' lang='lat' dir='ltr'><strong>claustris</strong></span> <span class='ocrx_word' id='word_1_83' title='bbox 1810 1333 1950 1396; x_wconf 82' lang='lat' dir='ltr'><strong>suis</strong></span> <span class='ocrx_word' id='word_1_84' title='bbox 2006 1329 2444 1407; x_wconf 85' lang='lat' dir='ltr'><strong>occultabant,</strong></span> <span class='ocrx_word' id='word_1_85' title='bbox 2498 1347 2721 1424; x_wconf 87' lang='lat' dir='ltr'><strong>opera</strong></span> 
     </span>
     <span class='ocr_line' id='line_1_12' title="bbox 330 1427 2725 1520; baseline -0.003 -22"><span class='ocrx_word' id='word_1_86' title='bbox 330 1431 596 1520; x_wconf 76' lang='lat' dir='ltr'><strong>vulgata</strong></span> <span class='ocrx_word' id='word_1_87' title='bbox 636 1435 1303 1502; x_wconf 51' lang='lat' dir='ltr'><strong>etmmmmunia‘esse</strong></span> <span class='ocrx_word' id='word_1_88' title='bbox 1347 1435 1745 1520; x_wconf 78' lang='lat' dir='ltr'><strong>mce’p&#39;ernnt.</strong></span> <span class='ocrx_word' id='word_1_89' title='bbox 1781 1427 1932 1500; x_wconf 82' lang='lat' dir='ltr'><strong>--Ita</strong></span> <span class='ocrx_word' id='word_1_90' title='bbox 1967 1443 2108 1511; x_wconf 48' lang='lat' dir='ltr'><strong>ut„</strong></span> <span class='ocrx_word' id='word_1_91' title='bbox 2136 1437 2301 1518; x_wconf 74' lang='lat' dir='ltr'><strong>quad</strong></span> <span class='ocrx_word' id='word_1_92' title='bbox 2345 1428 2504 1496; x_wconf 89' lang='lat' dir='ltr'><strong>olim</strong></span> <span class='ocrx_word' id='word_1_93' title='bbox 2544 1449 2725 1515; x_wconf 84' lang='lat' dir='ltr'><strong>pau-</strong></span> 
     </span>
     <span class='ocr_line' id='line_1_13' title="bbox 330 1529 2722 1622; baseline -0.002 -24"><span class='ocrx_word' id='word_1_94' title='bbox 330 1535 424 1598; x_wconf 89' lang='lat' dir='ltr'><strong>cis</strong></span> <span class='ocrx_word' id='word_1_95' title='bbox 466 1537 759 1622; x_wconf 82' lang='lat' dir='ltr'><strong>seposita·</strong></span> <span class='ocrx_word' id='word_1_96' title='bbox 794 1532 1395 1606; x_wconf 75' lang='lat' dir='ltr'><strong>esset‘emditionis</strong></span> <span class='ocrx_word' id='word_1_97' title='bbox 1438 1532 1581 1599; x_wconf 82' lang='lat' dir='ltr'><strong>laus</strong></span> <span class='ocrx_word' id='word_1_98' title='bbox 1627 1547 1693 1598; x_wconf 88' lang='lat' dir='ltr'><strong>et</strong></span> <span class='ocrx_word' id='word_1_99' title='bbox 1735 1530 1965 1619; x_wconf 84' lang='lat' dir='ltr'><strong>gloria,</strong></span> <span class='ocrx_word' id='word_1_100' title='bbox 2007 1555 2155 1598; x_wconf 85' lang='lat' dir='ltr'><strong>cum</strong></span> <span class='ocrx_word' id='word_1_101' title='bbox 2187 1529 2486 1598; x_wconf 78' lang='lat' dir='ltr'><strong>omuibus</strong></span> <span class='ocrx_word' id='word_1_102' title='bbox 2527 1550 2722 1594; x_wconf 83' lang='lat' dir='ltr'><strong>coru-</strong></span> 
     </span>
     <span class='ocr_line' id='line_1_14' title="bbox 328 1629 2722 1721; baseline -0.003 -22"><span class='ocrx_word' id='word_1_103' title='bbox 328 1637 650 1700; x_wconf 84' lang='lat' dir='ltr'><strong>municata</strong></span> <span class='ocrx_word' id='word_1_104' title='bbox 692 1635 1083 1702; x_wconf 63' lang='lat' dir='ltr'><strong>sidereum·</strong></span> <span class='ocrx_word' id='word_1_105' title='bbox 1128 1632 1261 1698; x_wconf 87' lang='lat' dir='ltr'><strong>Sed</strong></span> <span class='ocrx_word' id='word_1_106' title='bbox 1316 1647 1643 1703; x_wconf 72' lang='lat' dir='ltr'><strong>crescente</strong></span> <span class='ocrx_word' id='word_1_107' title='bbox 1689 1643 1910 1700; x_wconf 69' lang='lat' dir='ltr'><strong>eorum</strong></span> <span class='ocrx_word' id='word_1_108' title='bbox 1951 1633 2278 1720; x_wconf 75' lang='lat' dir='ltr'><strong>quotidie,</strong></span> <span class='ocrx_word' id='word_1_109' title='bbox 2335 1635 2446 1721; x_wconf 86' lang='lat' dir='ltr'><strong>qui</strong></span> <span class='ocrx_word' id='word_1_110' title='bbox 2483 1629 2722 1695; x_wconf 85' lang='lat' dir='ltr'><strong>erudi-</strong></span> 
     </span>
     <span class='ocr_line' id='line_1_15' title="bbox 329 1731 2717 1828; baseline -0.003 -27"><span class='ocrx_word' id='word_1_111' title='bbox 329 1738 527 1802; x_wconf 84' lang='lat' dir='ltr'><strong>tionis</strong></span> <span class='ocrx_word' id='word_1_112' title='bbox 566 1735 849 1804; x_wconf 88' lang='lat' dir='ltr'><strong>laudem</strong></span> <span class='ocrx_word' id='word_1_113' title='bbox 873 1734 1298 1814; x_wconf 72' lang='lat' dir='ltr'><strong>affectabant,</strong></span> <span class='ocrx_word' id='word_1_114' title='bbox 1350 1745 1660 1822; x_wconf 76' lang='lat' dir='ltr'><strong>numero,</strong></span> <span class='ocrx_word' id='word_1_115' title='bbox 1718 1732 2080 1824; x_wconf 80' lang='lat' dir='ltr'><strong>desiderari</strong></span> <span class='ocrx_word' id='word_1_116' title='bbox 2133 1736 2346 1828; x_wconf 78' lang='lat' dir='ltr'><strong>etiam</strong></span> <span class='ocrx_word' id='word_1_117' title='bbox 2369 1731 2717 1810; x_wconf 85' lang='lat' dir='ltr'><strong>librorum,</strong></span> 
     </span>
     <span class='ocr_line' id='line_1_16' title="bbox 330 1831 2716 1923; baseline -0.002 -21"><span class='ocrx_word' id='word_1_118' title='bbox 330 1835 413 1902; x_wconf 81' lang='lat' dir='ltr'><strong>ab</strong></span> <span class='ocrx_word' id='word_1_119' title='bbox 456 1839 741 1923; x_wconf 80' lang='lat' dir='ltr'><strong>antiquis</strong></span> <span class='ocrx_word' id='word_1_120' title='bbox 772 1834 1227 1922; x_wconf 59' lang='lat' dir='ltr'><strong>proditurum,</strong></span> <span class='ocrx_word' id='word_1_121' title='bbox 1268 1838 1500 1902; x_wconf 78' lang='lat' dir='ltr'><strong>maier</strong></span> <span class='ocrx_word' id='word_1_122' title='bbox 1493 1834 1866 1904; x_wconf 75' lang='lat' dir='ltr'><strong>multitudo·</strong></span> <span class='ocrx_word' id='word_1_123' title='bbox 1918 1845 2146 1922; x_wconf 71' lang='lat' dir='ltr'><strong>coepta</strong></span> <span class='ocrx_word' id='word_1_124' title='bbox 2189 1849 2338 1914; x_wconf 80' lang='lat' dir='ltr'><strong>est,</strong></span> <span class='ocrx_word' id='word_1_125' title='bbox 2396 1848 2468 1900; x_wconf 92' lang='lat' dir='ltr'><strong>et</strong></span> <span class='ocrx_word' id='word_1_126' title='bbox 2501 1831 2716 1898; x_wconf 74' lang='lat' dir='ltr'><strong>avide</strong></span> 
     </span>
     <span class='ocr_line' id='line_1_17' title="bbox 331 1933 2720 2024; baseline -0 -23"><span class='ocrx_word' id='word_1_127' title='bbox 331 1936 418 2002; x_wconf 83' lang='lat' dir='ltr'><strong>ab</strong></span> <span class='ocrx_word' id='word_1_128' title='bbox 456 1937 759 2003; x_wconf 73' lang='lat' dir='ltr'><strong>omnibus</strong></span> <span class='ocrx_word' id='word_1_129' title='bbox 802 1939 1069 2015; x_wconf 77' lang='lat' dir='ltr'><strong>minori,</strong></span> <span class='ocrx_word' id='word_1_130' title='bbox 1109 1951 1301 2024; x_wconf 84' lang='lat' dir='ltr'><strong>quam</strong></span> <span class='ocrx_word' id='word_1_131' title='bbox 1343 1934 1630 2017; x_wconf 64' lang='lat' dir='ltr'><strong>solebat,</strong></span> <span class='ocrx_word' id='word_1_132' title='bbox 1684 1938 1916 2024; x_wconf 85' lang='lat' dir='ltr'><strong>pretio</strong></span> <span class='ocrx_word' id='word_1_133' title='bbox 1935 1939 2359 2024; x_wconf 69' lang='lat' dir='ltr'><strong>comparatis,</strong></span> <span class='ocrx_word' id='word_1_134' title='bbox 2399 1937 2505 2024; x_wconf 85' lang='lat' dir='ltr'><strong>qui</strong></span> <span class='ocrx_word' id='word_1_135' title='bbox 2551 1933 2720 2000; x_wconf 70' lang='lat' dir='ltr'><strong>ede·</strong></span> 
     </span>
     <span class='ocr_line' id='line_1_18' title="bbox 331 2035 2718 2126; baseline -0 -25"><span class='ocrx_word' id='word_1_136' title='bbox 331 2036 567 2102; x_wconf 87' lang='lat' dir='ltr'><strong>bantur</strong></span> <span class='ocrx_word' id='word_1_137' title='bbox 610 2035 1842 2126; x_wconf 69' lang='lat' dir='ltr'><strong>typ1s‚&#39;.v&gt;olnmiuibua,³bibliotheeas-</strong></span> <span class='ocrx_word' id='word_1_138' title='bbox 1875 2042 2313 2126; x_wconf 87' lang='lat' dir='ltr'><strong>unusquisque</strong></span> <span class='ocrx_word' id='word_1_139' title='bbox 2352 2037 2482 2103; x_wconf 83' lang='lat' dir='ltr'><strong>sibi</strong></span> <span class='ocrx_word' id='word_1_140' title='bbox 2521 2037 2718 2101; x_wconf 52' lang='lat' dir='ltr'><strong>insti,</strong></span> 
     </span>
     <span class='ocr_line' id='line_1_19' title="bbox 334 2138 2716 2229; baseline 0.001 -27"><span class='ocrx_word' id='word_1_141' title='bbox 334 2147 541 2204; x_wconf 74' lang='lat' dir='ltr'><strong>tuefle</strong></span> <span class='ocrx_word' id='word_1_142' title='bbox 536 2142 798 2227; x_wconf 72' lang='lat' dir='ltr'><strong>coepit..</strong></span> <span class='ocrx_word' id='word_1_143' title='bbox 870 2140 960 2205; x_wconf 84' lang='lat' dir='ltr'><strong>Et</strong></span> <span class='ocrx_word' id='word_1_144' title='bbox 999 2161 1145 2206; x_wconf 78' lang='lat' dir='ltr'><strong>curu</strong></span> <span class='ocrx_word' id='word_1_145' title='bbox 1187 2143 1379 2229; x_wconf 79' lang='lat' dir='ltr'><strong>primi</strong></span> <span class='ocrx_word' id='word_1_146' title='bbox 1409 2138 1823 2208; x_wconf 78' lang='lat' dir='ltr'><strong>&#39;officinarum</strong></span> <span class='ocrx_word' id='word_1_147' title='bbox 1857 2138 2267 2204; x_wconf 70' lang='lat' dir='ltr'><strong>librar-&#39;iarum</strong></span> <span class='ocrx_word' id='word_1_148' title='bbox 2304 2141 2716 2205; x_wconf 69' lang='lat' dir='ltr'><strong>institutores</strong></span> 
     </span>
     <span class='ocr_line' id='line_1_20' title="bbox 332 2238 2719 2344; baseline -0 -38"><span class='ocrx_word' id='word_1_149' title='bbox 332 2243 631 2328; x_wconf 64' lang='lat' dir='ltr'><strong>exagium</strong></span> <span class='ocrx_word' id='word_1_150' title='bbox 671 2240 870 2344; x_wconf 73' lang='lat' dir='ltr'><strong>modo</strong></span> <span class='ocrx_word' id='word_1_151' title='bbox 900 2241 1207 2308; x_wconf 81' lang='lat' dir='ltr'><strong>codicum</strong></span> <span class='ocrx_word' id='word_1_152' title='bbox 1246 2250 1586 2307; x_wconf 73' lang='lat' dir='ltr'><strong>numerum</strong></span> <span class='ocrx_word' id='word_1_153' title='bbox 1616 2240 2079 2329; x_wconf 75' lang='lat' dir='ltr'><strong>producentes</strong></span> <span class='ocrx_word' id='word_1_154' title='bbox 2094 2242 2214 2306; x_wconf 82' lang='lat' dir='ltr'><strong>vix</strong></span> <span class='ocrx_word' id='word_1_155' title='bbox 2260 2238 2531 2329; x_wconf 84' lang='lat' dir='ltr'><strong>explere</strong></span> <span class='ocrx_word' id='word_1_156' title='bbox 2575 2253 2719 2305; x_wconf 72' lang='lat' dir='ltr'><strong>sta·</strong></span> 
     </span>
     <span class='ocr_line' id='line_1_21' title="bbox 332 2340 2714 2431; baseline 0 -23"><span class='ocrx_word' id='word_1_157' title='bbox 332 2340 666 2409; x_wconf 85' lang='lat' dir='ltr'><strong>diosorum</strong></span> <span class='ocrx_word' id='word_1_158' title='bbox 710 2354 865 2409; x_wconf 80' lang='lat' dir='ltr'><strong>vota</strong></span> <span class='ocrx_word' id='word_1_159' title='bbox 918 2356 1222 2431; x_wconf 78' lang='lat' dir='ltr'><strong>possent,</strong></span> <span class='ocrx_word' id='word_1_160' title='bbox 1276 2341 1444 2410; x_wconf 83' lang='lat' dir='ltr'><strong>alias</strong></span> <span class='ocrx_word' id='word_1_161' title='bbox 1501 2365 1595 2409; x_wconf 82' lang='lat' dir='ltr'><strong>ex</strong></span> <span class='ocrx_word' id='word_1_162' title='bbox 1637 2342 1787 2409; x_wconf 83' lang='lat' dir='ltr'><strong>aliis</strong></span> <span class='ocrx_word' id='word_1_163' title='bbox 1830 2341 2154 2409; x_wconf 71' lang='lat' dir='ltr'><strong>editiones</strong></span> <span class='ocrx_word' id='word_1_164' title='bbox 2192 2343 2416 2408; x_wconf 88' lang='lat' dir='ltr'><strong>iterari</strong></span> <span class='ocrx_word' id='word_1_165' title='bbox 2453 2340 2714 2428; x_wconf 73' lang='lat' dir='ltr'><strong>gloriae</strong></span> 
     </span>
     <span class='ocr_line' id='line_1_22' title="bbox 331 2442 2714 2531; baseline 0 -23"><span class='ocrx_word' id='word_1_166' title='bbox 331 2442 527 2508; x_wconf 71' lang='lat' dir='ltr'><strong>simul</strong></span> <span class='ocrx_word' id='word_1_167' title='bbox 567 2458 634 2510; x_wconf 87' lang='lat' dir='ltr'><strong>et</strong></span> <span class='ocrx_word' id='word_1_168' title='bbox 671 2444 837 2509; x_wconf 87' lang='lat' dir='ltr'><strong>lucri</strong></span> <span class='ocrx_word' id='word_1_169' title='bbox 878 2443 1116 2531; x_wconf 88' lang='lat' dir='ltr'><strong>cupido</strong></span> <span class='ocrx_word' id='word_1_170' title='bbox 1156 2444 1493 2510; x_wconf 79' lang='lat' dir='ltr'><strong>suadebat.</strong></span> <span class='ocrx_word' id='word_1_171' title='bbox 1575 2442 1743 2511; x_wconf 89' lang='lat' dir='ltr'><strong>Cum</strong></span> <span class='ocrx_word' id='word_1_172' title='bbox 1787 2447 1981 2511; x_wconf 82' lang='lat' dir='ltr'><strong>etiam</strong></span> <span class='ocrx_word' id='word_1_173' title='bbox 2006 2442 2287 2511; x_wconf 81' lang='lat' dir='ltr'><strong>Scholae</strong></span> <span class='ocrx_word' id='word_1_174' title='bbox 2331 2460 2399 2511; x_wconf 85' lang='lat' dir='ltr'><strong>et</strong></span> <span class='ocrx_word' id='word_1_175' title='bbox 2427 2444 2714 2529; x_wconf 81' lang='lat' dir='ltr'><strong>Gymna-</strong></span> 
     </span>
     <span class='ocr_line' id='line_1_23' title="bbox 332 2543 2715 2632; baseline 0.002 -25"><span class='ocrx_word' id='word_1_176' title='bbox 332 2546 468 2623; x_wconf 80' lang='lat' dir='ltr'><strong>eia,</strong></span> <span class='ocrx_word' id='word_1_177' title='bbox 492 2546 743 2632; x_wconf 81' lang='lat' dir='ltr'><strong>‚quibus</strong></span> <span class='ocrx_word' id='word_1_178' title='bbox 780 2556 967 2610; x_wconf 83' lang='lat' dir='ltr'><strong>aetas</strong></span> <span class='ocrx_word' id='word_1_179' title='bbox 1008 2546 1218 2632; x_wconf 71' lang='lat' dir='ltr'><strong>prima</strong></span> <span class='ocrx_word' id='word_1_180' title='bbox 1242 2545 1343 2610; x_wconf 91' lang='lat' dir='ltr'><strong>&#39;ad</strong></span> <span class='ocrx_word' id='word_1_181' title='bbox 1387 2546 1855 2612; x_wconf 84' lang='lat' dir='ltr'><strong>humanitatem</strong></span> <span class='ocrx_word' id='word_1_182' title='bbox 1910 2545 2248 2629; x_wconf 77' lang='lat' dir='ltr'><strong>informari</strong></span> <span class='ocrx_word' id='word_1_183' title='bbox 2305 2543 2519 2625; x_wconf 74' lang='lat' dir='ltr'><strong>solet,</strong></span> <span class='ocrx_word' id='word_1_184' title='bbox 2575 2564 2715 2611; x_wconf 62' lang='lat' dir='ltr'><strong>ma-</strong></span> 
     </span>
     <span class='ocr_line' id='line_1_24' title="bbox 334 2645 2715 2733; baseline 0 -22"><span class='ocrx_word' id='word_1_185' title='bbox 334 2646 463 2711; x_wconf 85' lang='lat' dir='ltr'><strong>iori</strong></span> <span class='ocrx_word' id='word_1_186' title='bbox 504 2645 889 2711; x_wconf 83' lang='lat' dir='ltr'><strong>discentium</strong></span> <span class='ocrx_word' id='word_1_187' title='bbox 928 2647 1294 2733; x_wconf 68' lang='lat' dir='ltr'><strong>frequentia</strong></span> <span class='ocrx_word' id='word_1_188' title='bbox 1351 2646 1858 2723; x_wconf 66' lang='lat' dir='ltr'><strong>celebrarentur,</strong></span> <span class='ocrx_word' id='word_1_189' title='bbox 1914 2660 1986 2712; x_wconf 82' lang='lat' dir='ltr'><strong>et</strong></span> <span class='ocrx_word' id='word_1_190' title='bbox 2038 2668 2322 2733; x_wconf 78' lang='lat' dir='ltr'><strong>nugaces</strong></span> <span class='ocrx_word' id='word_1_191' title='bbox 2362 2646 2715 2712; x_wconf 79' lang='lat' dir='ltr'><strong>monacho·-</strong></span> 
     </span>
     <span class='ocr_line' id='line_1_25' title="bbox 334 2746 2716 2837; baseline 0.002 -26"><span class='ocrx_word' id='word_1_192' title='bbox 334 2769 479 2811; x_wconf 82' lang='lat' dir='ltr'><strong>rum</strong></span> <span class='ocrx_word' id='word_1_193' title='bbox 519 2746 727 2812; x_wconf 85' lang='lat' dir='ltr'><strong>libelli</strong></span> <span class='ocrx_word' id='word_1_194' title='bbox 766 2749 962 2812; x_wconf 81' lang='lat' dir='ltr'><strong>eiecti</strong></span> <span class='ocrx_word' id='word_1_195' title='bbox 1003 2746 1219 2813; x_wconf 89' lang='lat' dir='ltr'><strong>locum</strong></span> <span class='ocrx_word' id='word_1_196' title='bbox 1277 2748 1588 2813; x_wconf 76' lang='lat' dir='ltr'><strong>fecissent</strong></span> <span class='ocrx_word' id='word_1_197' title='bbox 1643 2750 1869 2836; x_wconf 90' lang='lat' dir='ltr'><strong>optimi</strong></span> <span class='ocrx_word' id='word_1_198' title='bbox 1927 2763 1993 2812; x_wconf 85' lang='lat' dir='ltr'><strong>et</strong></span> <span class='ocrx_word' id='word_1_199' title='bbox 2046 2751 2292 2837; x_wconf 83' lang='lat' dir='ltr'><strong>antiqui</strong></span> <span class='ocrx_word' id='word_1_200' title='bbox 2346 2752 2500 2814; x_wconf 77' lang='lat' dir='ltr'><strong>aevi</strong></span> <span class='ocrx_word' id='word_1_201' title='bbox 2554 2752 2716 2815; x_wconf 86' lang='lat' dir='ltr'><strong>scri-</strong></span> 
     </span>
     <span class='ocr_line' id='line_1_26' title="bbox 333 2847 2713 2967; baseline 0.002 -56"><span class='ocrx_word' id='word_1_202' title='bbox 333 2847 669 2967; x_wconf 66' lang='lat' dir='ltr'><strong>ptoribuS,</strong></span> <span class='ocrx_word' id='word_1_203' title='bbox 692 2849 1113 2953; x_wconf 72' lang='lat' dir='ltr'><strong>multiplicata</strong></span> <span class='ocrx_word' id='word_1_204' title='bbox 1147 2871 1397 2937; x_wconf 87' lang='lat' dir='ltr'><strong>quoque</strong></span> <span class='ocrx_word' id='word_1_205' title='bbox 1441 2850 1710 2914; x_wconf 83' lang='lat' dir='ltr'><strong>minoris</strong></span> <span class='ocrx_word' id='word_1_206' title='bbox 1751 2848 1999 2914; x_wconf 84' lang='lat' dir='ltr'><strong>formae</strong></span> <span class='ocrx_word' id='word_1_207' title='bbox 2043 2865 2110 2914; x_wconf 88' lang='lat' dir='ltr'><strong>et</strong></span> <span class='ocrx_word' id='word_1_208' title='bbox 2139 2849 2332 2917; x_wconf 79' lang='lat' dir='ltr'><strong>molis</strong></span> <span class='ocrx_word' id='word_1_209' title='bbox 2375 2849 2713 2917; x_wconf 82' lang='lat' dir='ltr'><strong>volumina</strong></span> 
     </span>
     <span class='ocr_line' id='line_1_27' title="bbox 333 2920 2715 3055; baseline 0.002 -42"><span class='ocrx_word' id='word_1_210' title='bbox 333 2952 404 3013; x_wconf 89' lang='lat' dir='ltr'><strong>in</strong></span> <span class='ocrx_word' id='word_1_211' title='bbox 448 2971 594 3014; x_wconf 92' lang='lat' dir='ltr'><strong>eum</strong></span> <span class='ocrx_word' id='word_1_212' title='bbox 637 2949 901 3016; x_wconf 87' lang='lat' dir='ltr'><strong>modum</strong></span> <span class='ocrx_word' id='word_1_213' title='bbox 939 2920 1219 3029; x_wconf 85' lang='lat' dir='ltr'><strong>fuerunt,</strong></span> <span class='ocrx_word' id='word_1_214' title='bbox 1257 2960 1330 3015; x_wconf 90' lang='lat' dir='ltr'><strong>ut</strong></span> <span class='ocrx_word' id='word_1_215' title='bbox 1370 2947 1620 3016; x_wconf 75' lang='lat' dir='ltr'><strong>nullius</strong></span> <span class='ocrx_word' id='word_1_216' title='bbox 1653 2948 1793 3014; x_wconf 79' lang='lat' dir='ltr'><strong>fere</strong></span> <span class='ocrx_word' id='word_1_217' title='bbox 1837 2950 2307 3017; x_wconf 62' lang='lat' dir='ltr'><strong>exAuctorum</strong></span> <span class='ocrx_word' id='word_1_218' title='bbox 2356 2953 2715 3055; x_wconf 75' lang='lat' dir='ltr'><strong>priscorum</strong></span> 
     </span>
     <span class='ocr_line' id='line_1_28' title="bbox 335 3044 2716 3139; baseline 0.003 -27"><span class='ocrx_word' id='word_1_219' title='bbox 335 3050 640 3129; x_wconf 86' lang='lat' dir='ltr'><strong>numero,</strong></span> <span class='ocrx_word' id='word_1_220' title='bbox 682 3074 842 3139; x_wconf 88' lang='lat' dir='ltr'><strong>quos</strong></span> <span class='ocrx_word' id='word_1_221' title='bbox 888 3054 1265 3139; x_wconf 87' lang='lat' dir='ltr'><strong>superstites</strong></span> <span class='ocrx_word' id='word_1_222' title='bbox 1306 3049 1494 3115; x_wconf 88' lang='lat' dir='ltr'><strong>nobis</strong></span> <span class='ocrx_word' id='word_1_223' title='bbox 1537 3050 1779 3116; x_wconf 85' lang='lat' dir='ltr'><strong>fecerat</strong></span> <span class='ocrx_word' id='word_1_224' title='bbox 1822 3055 2179 3117; x_wconf 88' lang='lat' dir='ltr'><strong>communis</strong></span> <span class='ocrx_word' id='word_1_225' title='bbox 2229 3054 2327 3117; x_wconf 88' lang='lat' dir='ltr'><strong>rei</strong></span> <span class='ocrx_word' id='word_1_226' title='bbox 2378 3044 2716 3119; x_wconf 84' lang='lat' dir='ltr'><strong>literariao</strong></span> 
     </span>
     <span class='ocr_line' id='line_1_29' title="bbox 337 3148 2716 3241; baseline 0.003 -27"><span class='ocrx_word' id='word_1_227' title='bbox 337 3148 703 3231; x_wconf 87' lang='lat' dir='ltr'><strong>calamitas,</strong></span> <span class='ocrx_word' id='word_1_228' title='bbox 775 3155 962 3241; x_wconf 84' lang='lat' dir='ltr'><strong>copia</strong></span> <span class='ocrx_word' id='word_1_229' title='bbox 1011 3150 1534 3227; x_wconf 80' lang='lat' dir='ltr'><strong>desideraretur.</strong></span> <span class='ocrx_word' id='word_1_230' title='bbox 1626 3150 1792 3218; x_wconf 89' lang='lat' dir='ltr'><strong>Cum</strong></span> <span class='ocrx_word' id='word_1_231' title='bbox 1845 3174 2003 3217; x_wconf 78' lang='lat' dir='ltr'><strong>vero</strong></span> <span class='ocrx_word' id='word_1_232' title='bbox 2058 3156 2306 3240; x_wconf 87' lang='lat' dir='ltr'><strong>primae</strong></span> <span class='ocrx_word' id='word_1_233' title='bbox 2366 3154 2716 3233; x_wconf 88' lang='lat' dir='ltr'><strong>editiones,</strong></span> 
     </span>
     <span class='ocr_line' id='line_1_30' title="bbox 336 3252 2718 3345; baseline 0.003 -31"><span class='ocrx_word' id='word_1_234' title='bbox 336 3272 466 3316; x_wconf 91' lang='lat' dir='ltr'><strong>non</strong></span> <span class='ocrx_word' id='word_1_235' title='bbox 514 3252 599 3317; x_wconf 90' lang='lat' dir='ltr'><strong>ad</strong></span> <span class='ocrx_word' id='word_1_236' title='bbox 653 3252 824 3332; x_wconf 89' lang='lat' dir='ltr'><strong>alia,</strong></span> <span class='ocrx_word' id='word_1_237' title='bbox 885 3274 1076 3341; x_wconf 90' lang='lat' dir='ltr'><strong>quam</strong></span> <span class='ocrx_word' id='word_1_238' title='bbox 1135 3256 1712 3345; x_wconf 82' lang='lat' dir='ltr'><strong>manuscriptorum</strong></span> <span class='ocrx_word' id='word_1_239' title='bbox 1768 3252 2062 3319; x_wconf 88' lang='lat' dir='ltr'><strong>codicum</strong></span> <span class='ocrx_word' id='word_1_240' title='bbox 2122 3255 2537 3342; x_wconf 81' lang='lat' dir='ltr'><strong>exemplaria</strong></span> <span class='ocrx_word' id='word_1_241' title='bbox 2595 3278 2718 3322; x_wconf 83' lang='lat' dir='ltr'><strong>ex·</strong></span> 
     </span>
     <span class='ocr_line' id='line_1_31' title="bbox 336 3346 2719 3451; baseline 0.002 -35"><span class='ocrx_word' id='word_1_242' title='bbox 336 3352 487 3431; x_wconf 64' lang='lat' dir='ltr'><strong>cudi</strong></span> <span class='ocrx_word' id='word_1_243' title='bbox 531 3364 835 3440; x_wconf 83' lang='lat' dir='ltr'><strong>possent,</strong></span> <span class='ocrx_word' id='word_1_244' title='bbox 842 3346 1147 3417; x_wconf 81' lang='lat' dir='ltr'><strong>’infinitis</strong></span> <span class='ocrx_word' id='word_1_245' title='bbox 1186 3355 1443 3420; x_wconf 87' lang='lat' dir='ltr'><strong>mendis</strong></span> <span class='ocrx_word' id='word_1_246' title='bbox 1486 3350 1870 3451; x_wconf 89' lang='lat' dir='ltr'><strong>deturpatae</strong></span> <span class='ocrx_word' id='word_1_247' title='bbox 1913 3354 2293 3440; x_wconf 87' lang='lat' dir='ltr'><strong>prodibant,</strong></span> <span class='ocrx_word' id='word_1_248' title='bbox 2339 3371 2403 3422; x_wconf 90' lang='lat' dir='ltr'><strong>et</strong></span> <span class='ocrx_word' id='word_1_249' title='bbox 2446 3376 2719 3423; x_wconf 81' lang='lat' dir='ltr'><strong>sensum</strong></span> 
     </span>
     <span class='ocr_line' id='line_1_32' title="bbox 336 3453 2720 3545; baseline 0.003 -28"><span class='ocrx_word' id='word_1_250' title='bbox 336 3457 614 3518; x_wconf 81' lang='lat' dir='ltr'><strong>auctoris</strong></span> <span class='ocrx_word' id='word_1_251' title='bbox 656 3456 1082 3521; x_wconf 81' lang='lat' dir='ltr'><strong>monstruosis</strong></span> <span class='ocrx_word' id='word_1_252' title='bbox 1125 3453 1523 3541; x_wconf 83' lang='lat' dir='ltr'><strong>depravatae</strong></span> <span class='ocrx_word' id='word_1_253' title='bbox 1561 3455 1860 3523; x_wconf 87' lang='lat' dir='ltr'><strong>lectionis</strong></span> <span class='ocrx_word' id='word_1_254' title='bbox 1906 3458 2083 3523; x_wconf 87' lang='lat' dir='ltr'><strong>vitiis</strong></span> <span class='ocrx_word' id='word_1_255' title='bbox 2125 3458 2237 3521; x_wconf 81' lang='lat' dir='ltr'><strong>vix</strong></span> <span class='ocrx_word' id='word_1_256' title='bbox 2266 3454 2720 3545; x_wconf 83' lang='lat' dir='ltr'><strong>indagandum</strong></span> 
     </span>
     <span class='ocr_line' id='line_1_33' title="bbox 338 3544 2722 3644; baseline 0.003 -26"><span class='ocrx_word' id='word_1_257' title='bbox 338 3567 404 3618; x_wconf 90' lang='lat' dir='ltr'><strong>et</strong></span> <span class='ocrx_word' id='word_1_258' title='bbox 446 3544 913 3638; x_wconf 87' lang='lat' dir='ltr'><strong>explicandum</strong></span> <span class='ocrx_word' id='word_1_259' title='bbox 968 3553 1389 3623; x_wconf 85' lang='lat' dir='ltr'><strong>exhibebant.</strong></span> <span class='ocrx_word' id='word_1_260' title='bbox 1489 3556 1707 3635; x_wconf 80' lang='lat' dir='ltr'><strong>Quare</strong></span> <span class='ocrx_word' id='word_1_261' title='bbox 1751 3552 2135 3622; x_wconf 81' lang='lat' dir='ltr'><strong>Criticorum&#39;</strong></span> <span class='ocrx_word' id='word_1_262' title='bbox 2193 3576 2394 3644; x_wconf 89' lang='lat' dir='ltr'><strong>opera</strong></span> <span class='ocrx_word' id='word_1_263' title='bbox 2452 3558 2722 3626; x_wconf 87' lang='lat' dir='ltr'><strong>deside-</strong></span> 
     </span>
     <span class='ocr_line' id='line_1_34' title="bbox 335 3655 2718 3749; baseline 0.003 -32"><span class='ocrx_word' id='word_1_264' title='bbox 335 3655 469 3718; x_wconf 88' lang='lat' dir='ltr'><strong>rari</strong></span> <span class='ocrx_word' id='word_1_265' title='bbox 515 3658 779 3739; x_wconf 81' lang='lat' dir='ltr'><strong>coe&#39;pta3</strong></span> <span class='ocrx_word' id='word_1_266' title='bbox 843 3669 908 3720; x_wconf 91' lang='lat' dir='ltr'><strong>et</strong></span> <span class='ocrx_word' id='word_1_267' title='bbox 962 3656 1247 3749; x_wconf 88' lang='lat' dir='ltr'><strong>undique</strong></span> <span class='ocrx_word' id='word_1_268' title='bbox 1309 3658 1687 3748; x_wconf 74' lang='lat' dir='ltr'><strong>conquisitis</strong></span> <span class='ocrx_word' id='word_1_269' title='bbox 1747 3659 1994 3744; x_wconf 87' lang='lat' dir='ltr'><strong>antiqui</strong></span> <span class='ocrx_word' id='word_1_270' title='bbox 2034 3661 2184 3723; x_wconf 83' lang='lat' dir='ltr'><strong>aevi</strong></span> <span class='ocrx_word' id='word_1_271' title='bbox 2228 3658 2718 3746; x_wconf 81' lang='lat' dir='ltr'><strong>exemplaribus</strong></span> 
     </span>
     <span class='ocr_line' id='line_1_35' title="bbox 339 3753 2780 3846; baseline 0.005 -25"><span class='ocrx_word' id='word_1_272' title='bbox 339 3753 816 3821; x_wconf 86' lang='lat' dir='ltr'><strong>emendatiores</strong></span> <span class='ocrx_word' id='word_1_273' title='bbox 848 3758 927 3825; x_wconf 74' lang='lat' dir='ltr'><strong>,in</strong></span> <span class='ocrx_word' id='word_1_274' title='bbox 964 3757 1239 3846; x_wconf 70' lang='lat' dir='ltr'><strong>&#39;‘vulgus</strong></span> <span class='ocrx_word' id='word_1_275' title='bbox 1277 3761 1478 3829; x_wconf 63' lang='lat' dir='ltr'><strong>edere</strong></span> <span class='ocrx_word' id='word_1_276' title='bbox 1519 3759 1797 3829; x_wconf 75' lang='lat' dir='ltr'><strong>‚cadioes</strong></span> <span class='ocrx_word' id='word_1_277' title='bbox 1843 3761 2259 3825; x_wconf 87' lang='lat' dir='ltr'><strong>instituerunt</strong></span> <span class='ocrx_word' id='word_1_278' title='bbox 2298 3760 2493 3840; x_wconf 74' lang='lat' dir='ltr'><strong>Ami,</strong></span> <span class='ocrx_word' id='word_1_279' title='bbox 2556 3762 2720 3828; x_wconf 83' lang='lat' dir='ltr'><strong>Fro-</strong></span> <span class='ocrx_word' id='word_1_280' title='bbox 2779 3762 2780 3833; x_wconf 64' lang='grc' dir='ltr'>ζ</span> 
     </span>
     <span class='ocr_line' id='line_1_36' title="bbox 334 3854 2722 3947; baseline 0.005 -28"><span class='ocrx_word' id='word_1_281' title='bbox 334 3854 550 3934; x_wconf 88' lang='lat' dir='ltr'><strong>benii,</strong></span> <span class='ocrx_word' id='word_1_282' title='bbox 593 3855 897 3942; x_wconf 86' lang='lat' dir='ltr'><strong>Gryphii,</strong></span> <span class='ocrx_word' id='word_1_283' title='bbox 940 3857 1290 3947; x_wconf 88' lang='lat' dir='ltr'><strong>Stephani;</strong></span> <span class='ocrx_word' id='word_1_284' title='bbox 1334 3874 1400 3926; x_wconf 90' lang='lat' dir='ltr'><strong>et</strong></span> <span class='ocrx_word' id='word_1_285' title='bbox 1442 3864 1509 3925; x_wconf 93' lang='lat' dir='ltr'><strong>in</strong></span> <span class='ocrx_word' id='word_1_286' title='bbox 1556 3883 1779 3925; x_wconf 87' lang='lat' dir='ltr'><strong>eorum</strong></span> <span class='ocrx_word' id='word_1_287' title='bbox 1820 3859 2179 3926; x_wconf 88' lang='lat' dir='ltr'><strong>industriae</strong></span> <span class='ocrx_word' id='word_1_288' title='bbox 2220 3859 2453 3927; x_wconf 88' lang='lat' dir='ltr'><strong>laudes</strong></span> <span class='ocrx_word' id='word_1_289' title='bbox 2493 3885 2722 3931; x_wconf 80' lang='lat' dir='ltr'><strong>succe-</strong></span> 
     </span>
     <span class='ocr_line' id='line_1_37' title="bbox 337 3952 2780 4051; baseline 0.005 -32"><span class='ocrx_word' id='word_1_290' title='bbox 337 3954 568 4023; x_wconf 76' lang='lat' dir='ltr'><strong>dentes</strong></span> <span class='ocrx_word' id='word_1_291' title='bbox 629 3956 742 4022; x_wconf 87' lang='lat' dir='ltr'><strong>alii</strong></span> <span class='ocrx_word' id='word_1_292' title='bbox 796 3958 1222 4048; x_wconf 77' lang='lat' dir='ltr'><strong>typographi,</strong></span> <span class='ocrx_word' id='word_1_293' title='bbox 1280 3983 1401 4049; x_wconf 86' lang='lat' dir='ltr'><strong>per</strong></span> <span class='ocrx_word' id='word_1_294' title='bbox 1460 3980 1685 4027; x_wconf 86' lang='lat' dir='ltr'><strong>omnes</strong></span> <span class='ocrx_word' id='word_1_295' title='bbox 1745 3962 2066 4049; x_wconf 84' lang='lat' dir='ltr'><strong>Europae·</strong></span> <span class='ocrx_word' id='word_1_296' title='bbox 2096 3958 2418 4049; x_wconf 79' lang='lat' dir='ltr'><strong>politioris</strong></span> <span class='ocrx_word' id='word_1_297' title='bbox 2467 3952 2720 4051; x_wconf 69' lang='lat' dir='ltr'><strong>partes,</strong></span> <span class='ocrx_word' id='word_1_298' title='bbox 2779 3972 2780 4007; x_wconf 53' lang='grc' dir='ltr'>ἒ</span> 
     </span>
     <span class='ocr_line' id='line_1_38' title="bbox 338 4054 2721 4154; baseline 0.004 -34"><span class='ocrx_word' id='word_1_299' title='bbox 338 4054 630 4122; x_wconf 77' lang='lat' dir='ltr'><strong>officinas</strong></span> <span class='ocrx_word' id='word_1_300' title='bbox 669 4075 1083 4144; x_wconf 78' lang='lat' dir='ltr'><strong>aperuerunt.</strong></span> <span class='ocrx_word' id='word_1_301' title='bbox 1167 4060 1302 4127; x_wconf 87' lang='lat' dir='ltr'><strong>Sed</strong></span> <span class='ocrx_word' id='word_1_302' title='bbox 1347 4076 1421 4128; x_wconf 88' lang='lat' dir='ltr'><strong>ut</strong></span> <span class='ocrx_word' id='word_1_303' title='bbox 1462 4066 1682 4130; x_wconf 89' lang='lat' dir='ltr'><strong>omnia</strong></span> <span class='ocrx_word' id='word_1_304' title='bbox 1723 4077 1924 4129; x_wconf 69' lang='lat' dir='ltr'><strong>recte·</strong></span> <span class='ocrx_word' id='word_1_305' title='bbox 1955 4076 2060 4129; x_wconf 92' lang='lat' dir='ltr'><strong>et</strong></span> <span class='ocrx_word' id='word_1_306' title='bbox 2077 4068 2345 4152; x_wconf 80' lang='lat' dir='ltr'><strong>egregie</strong></span> <span class='ocrx_word' id='word_1_307' title='bbox 2391 4088 2432 4130; x_wconf 89' lang='lat' dir='ltr'><strong>a</strong></span> <span class='ocrx_word' id='word_1_308' title='bbox 2476 4069 2721 4154; x_wconf 80' lang='lat' dir='ltr'><strong>princi-</strong></span> 
     </span>
     <span class='ocr_line' id='line_1_39' title="bbox 337 4160 2716 4250; baseline 0.005 -29"><span class='ocrx_word' id='word_1_309' title='bbox 337 4160 450 4242; x_wconf 90' lang='lat' dir='ltr'><strong>pio</strong></span> <span class='ocrx_word' id='word_1_310' title='bbox 490 4160 963 4240; x_wconf 48' lang='lat' dir='ltr'><strong>innitamur·</strong></span> <span class='ocrx_word' id='word_1_311' title='bbox 1015 4184 1268 4250; x_wconf 90' lang='lat' dir='ltr'><strong>quoque</strong></span> <span class='ocrx_word' id='word_1_312' title='bbox 1307 4166 1379 4229; x_wconf 90' lang='lat' dir='ltr'><strong>in</strong></span> <span class='ocrx_word' id='word_1_313' title='bbox 1434 4164 1769 4231; x_wconf 84' lang='lat' dir='ltr'><strong>literarum</strong></span> <span class='ocrx_word' id='word_1_314' title='bbox 1821 4167 2286 4235; x_wconf 78' lang='lat' dir='ltr'><strong>incrementum</strong></span> <span class='ocrx_word' id='word_1_315' title='bbox 2328 4180 2393 4231; x_wconf 87' lang='lat' dir='ltr'><strong>et</strong></span> <span class='ocrx_word' id='word_1_316' title='bbox 2434 4164 2716 4233; x_wconf 84' lang='lat' dir='ltr'><strong>salutem</strong></span> 
     </span>
    </p>
   </div>
   <div class='ocr_carea' id='block_1_3' title="bbox 212 4262 2778 4369">
    <p class='ocr_par' dir='ltr' id='par_1_3' title="bbox 212 4262 2778 4369">
     <span class='ocr_line' id='line_1_40' title="bbox 212 4262 2778 4369; baseline 0.005 -46"><span class='ocrx_word' id='word_1_317' title='bbox 212 4332 221 4347; x_wconf 87' lang='lat'><strong><em>.</em></strong></span> <span class='ocrx_word' id='word_1_318' title='bbox 339 4263 769 4349; x_wconf 81' lang='lat' dir='ltr'><strong>excogitatam</strong></span> <span class='ocrx_word' id='word_1_319' title='bbox 807 4262 1036 4342; x_wconf 77' lang='lat' dir='ltr'><strong>arteni,</strong></span> <span class='ocrx_word' id='word_1_320' title='bbox 1083 4270 1489 4353; x_wconf 80' lang='lat' dir='ltr'><strong>sequentium</strong></span> <span class='ocrx_word' id='word_1_321' title='bbox 1520 4267 1795 4333; x_wconf 80' lang='lat' dir='ltr'><strong>avaritia</strong></span> <span class='ocrx_word' id='word_1_322' title='bbox 1835 4278 1901 4331; x_wconf 88' lang='lat' dir='ltr'><strong>et</strong></span> <span class='ocrx_word' id='word_1_323' title='bbox 1942 4283 2250 4352; x_wconf 77' lang='lat' dir='ltr'><strong>quaestus</strong></span> <span class='ocrx_word' id='word_1_324' title='bbox 2289 4272 2531 4355; x_wconf 81' lang='lat' dir='ltr'><strong>cupido</strong></span> <span class='ocrx_word' id='word_1_325' title='bbox 2577 4291 2718 4336; x_wconf 83' lang='lat' dir='ltr'><strong>cor-</strong></span> <span class='ocrx_word' id='word_1_326' title='bbox 2777 4362 2778 4369; x_wconf 6' lang='grc' dir='ltr'>ἵ</span> 
     </span>
    </p>
   </div>
  </div>
 </body>
</html>
