2813 4694
644 178 677 212 ι
734 238 1361 317 ’ῬΕΑΕΕΑΤἮ
1440 245 1551 313 IN
1607 246 1993 316 IUSTIN.
2049 178 2078 201 ι
2384 250 2392 259 ’
2489 252 2577 323 69

222 432 375 512 due,
426 433 875 499 membraneos
933 456 1178 500 omnes.
1250 433 1349 500 A
1405 434 1644 522 quihus
1697 454 1781 499 an
1840 433 2137 500 diversus
2195 434 2390 499 fuerit
2439 433 2578 515 ille,

216 554 415 625 quem
434 532 855 600 Boxhornius
899 549 1353 601 commemorat
1396 537 1466 599 in
1510 538 1649 600 suis
1690 532 1774 599 ad
1817 532 2131 601 Iustinum
2172 534 2578 600 animadver-

212 624 537 717 sionibus,
591 637 855 720 ignoro.
922 658 1069 714 eur,
1128 657 1290 701 mox
1346 634 1616 701 dicetur.
1697 633 1930 723 Neque
1970 647 2182 701 tamen
2227 636 2576 702 Germania
2626 676 2640 689 ·

208 734 521 806 Iustinum
577 738 839 801 omnino
899 736 1191 802 destituit
1246 738 1739 823 inornatumque
1795 733 2093 824 reliquit,
2151 736 2271 802 sed
2321 761 2366 803 e
2421 736 2578 803 Ful

209 836 389 901 densi
430 833 826 900 bibliotheca
865 837 1213 903 francisco
1252 834 1523 915 Medio,
1579 834 1681 900 illi
1724 833 1931 901 Curtii
1991 839 2395 926 sospitatori,
2449 849 2578 903 tra·-

206 937 369 1003 didit
408 936 617 1002 libros
655 940 925 1024 scriptos
968 926 1136 1015 du‘o,
1183 959 1451 1024 quorum
1495 935 1744 1002 auxilio
1785 936 1950 1003 locis
1987 936 2220 1003 Iustini
2261 940 2578 1025 corruptis

202 1038 591 1104 mederetur.
694 1037 866 1124 quod
920 1035 1036 1103 ille
1090 1059 1173 1101 an
1230 1034 1582 1123 diligenter
1634 1042 1826 1119 satis,
1887 1036 2279 1104 et·fideliter
2317 1037 2579 1127 ubique,

200 1140 462 1219 fecerit,
504 1137 825 1216 viderint,
865 1138 1097 1225 quihus
1138 1136 1454 1205 librorum
1495 1139 1755 1205 illorum
1800 1141 1986 1227 copia
2025 1152 2146 1204 est.
2229 1138 2397 1203 Mihi
2436 1142 2577 1227 qui-

204 1239 386 1321 dem,
444 1236 734 1304 Britanis
793 1241 1131 1325 exceptis,
1183 1259 1312 1303 non
1374 1238 1645 1305 Medius
1698 1251 1975 1321 tantum,
2034 1240 2153 1305 sed
2207 1253 2276 1305 et
2318 1239 2576 1330 reliqui,

202 1365 361 1430 quos
414 1345 486 1407 in
544 1338 792 1404 Iustino
854 1338 1112 1405 edendo
1170 1336 1452 1409 Codices
1523 1339 1904 1406 adhibuisse
1971 1339 2602 1421 demonstravimus

201 1462 427 1531 parum
482 1439 790 1507 videntur
847 1437 1251 1504 consuluisse
1317 1442 1632 1527 posteris,
1705 1440 1938 1507 saltem
1995 1442 2124 1506 ιιοιι
2183 1434 2578 1510 satisfecisse

201 1543 573 1621 multorum,
610 1543 677 1605 in
706 1539 937 1627 quibus
981 1550 1048 1603 et
1092 1561 1216 1625 ego
1250 1561 1488 1607 nornen
1518 1539 1827 1633 profiteor
1865 1564 2102 1623 meum,
2142 1542 2576 1635 cognoscendi

203 1646 424 1711 omnia
464 1641 788 1708 aviditati.
868 1637 1268 1726 Bong'arsius
1320 1642 1623 1727 probavit
1665 1643 1781 1709 ille
1822 1642 2087 1731 quidem
2129 1644 2578 1711 incredibilem

205 1744 650 1832 diligentiam,
712 1754 777 1806 et
832 1738 1283 1806 admirabilem
1322 1764 1587 1829 prorsus
1632 1742 1873 1809 laboris
1915 1746 2327 1830 patientiam,
2386 1766 2577 1835 quam

204 1849 262 1912 si
304 1844 490 1911 molli
533 1856 599 1909 et
640 1846 880 1928 ignava
922 1853 989 1905 et
1029 1838 1370 1907 luxuriosa
1433 1856 1796 1911 nostrorum
1853 1844 2228 1926 hominum,
2284 1869 2580 1935 praescr

206 1950 319 2015 tim
358 1945 795 2034 leguleiorum
832 1940 1256 2023 imberbi-un,
1316 1945 1453 2009 vita
1508 1943 1812 2024 medai-s,
1872 1950 1994 2013 vix
2047 1946 2279 2014 eredas
2339 1948 2577 2014 cadere

204 2051 489 2139 petuisse
543 2049 616 2110 in
669 2042 819 2109 talis
875 2044 1067 2107 sortis
1125 2055 1195 2109 et
1248 2044 1553 2115 fortunae
1587 2046 1988 2113 hominem..
2053 2046 2342 2114 Contulit
2400 2047 2592 2113 enim'

208 2153 429 2219 decem
466 2146 664 2226 illos,
707 2144 794 2209 de
836 2126 1069 2231 quihus
1110 2142 1294 2223 dixi,
1351 2142 1668 2225 Codices,
1724 2169 1852 2213 ιιοιι
1901 2168 1991 2213 ex
2032 2162 2215 2235 parte
2263 2162 2328 2214 et
2367 2153 2436 2214 in
2478 2148 2576 2214 1ο
2627 2188 2630 2193 -

209 2256 299 2320 cis
336 2265 583 2318 tantum
628 2192 847 2311 dubiis
899 2259 969 2308 et
1006 2244 1412 2337 depravatis,
1463 2268 1726 2313 suorum
1780 2263 2136 2337 temporum
2178 2272 2395 2328 more,
2456 2249 2580 2315 sed

206 2368 409 2422 totos:
460 2372 595 2417 nou
651 2350 995 2434 ignorans,
1051 2369 1257 2434 quam„
1292 2369 1495 2436 saepe
1551 2350 1744 2414 etiam
1801 2353 1868 2414 in
1910 2350 2127 2416 verb‘is
2170 2350 2576 2436 librariorum

205 2457 461 2524 inscitia
499 2450 823 2534 corruptis
878 2463 1072 2511 verae
1114 2445 1416 2514 lectionis
1453 2452 1737 2535 vestigia
1777 2449 2093 2528 laterent,
2150 2449 2343 2516 facile
2365 2474 2423 2515 ¹a
2461 2474 2577 2539 pe⁴

209 2559 348 2622 ritis
387 2550 853 2640 sagacibusque
908 2545 1481 2638 deprehendenda¹
1513 2563 1577 2614 et
1634 2548 1992 2616 odoranda.
2069 2550 2160 2616 At
2196 2554 2406 2640 primo
2445 2572 2576 2616 non

217 2657 437 2740 docet,
470 2650 770 2717 Codices
812 2646 913 2712 illi
956 2647 1355 2722 membranei
1398 2649 1670 2729 fuerint,
1705 2673 1820 2716 -ιιιι-
1869 2651 2237 2729 chartacei·
2276 2655 2578 2740 antiquis,

219 2779 302 2823 an
340 2749 795 2822 recentioribus
835 2747 1235 2836 temporibus
1276 2752 1540 2837 scripliz·
1571 2750 1655 2815 ‘de
1685 2761 1817 2838 quo
1851 2756 1976 2818 etsi
2008 2757 2315 2820 certiores
2353 2753 2576 2819 facere

214 2871 506 2948 posteros
546 2852 897 2930 debuisset,
940 2859 1156 2915 tamen
1196 2873 1390 2937 quum
1422 2850 1506 2917 de
1550 2854 1694 2939 ipsa
1734 2850 2045 2920 librorum
2083 2851 2392 2937 bonitate,
2431 2876 2579 2944 pro-

208 2959 358 3026 latis
416 2975 641 3024 eorum
690 2940 1114 3040 lectionibus,
1183 2952 1547 3019 iudicandi
1567 2951 1943 3019 &cultatem
2001 2955 2290 3031 dederit,
2362 2977 2577 3043 neque
2651 3023 2657 3036 ,

206 3062 552 3150 antiquitas
589 3032 945 3121 eorundem
986 3074 1245 3140 semper
1279 3053 1652 3140 spectanda·
1677 3056 1783 3132 sit,
1824 3076 1950 3120 non
1993 3058 2085 3121 ita
2123 3055 2318 3123 valde
2359 3078 2578 3143 repre-

206 3160 622 3229 hendendum
667 3153 940 3220 videtur.
1019 3151 1319 3219 Deinde
1341 3156 1399 3218 si
1455 3153 1698 3248 profert
1752 3155 2102 3223 lectionem
2141 3155 2422 3246 aliquam
2464 3169 2577 3222 aut

210 3287 299 3332 ex
338 3284 506 3340 uno,
549 3270 663 3323 aut
706 3279 743 3321 e
782 3252 1075 3342 plui-ihus
1118 3252 1512 3334 codicibus,
1576 3277 1648 3321 se
1690 3278 1834 3322 eam
1873 3258 2016 3324 fere
2055 3257 2434 3344 simpliciter
2472 3258 2575 3323 di·-

184 3369 297 3444 ‚eit
328 3363 663 3431 invenisse
705 3359 770 3421 in
806 3351 999 3423 libris
1037 3358 1357 3442 scriptis,
1381 3373 1524 3423 non
1583 3357 1806 3424 addita
1835 3362 2132 3424 nomine
2155 3362 2573 3445 possessoris,

211 3469 297 3532 its
335 3480 409 3531 ut
450 3466 510 3531 si
555 3481 750 3526 noese
791 3459 1048 3544 cupias,
1087 3478 1253 3543 quae
1294 3458 1418 3538 sit,
1462 3457 1649 3526 verbi
1690 3481 1950 3540 caussa,
1991 3458 2334 3525 Cuiaciaui
2373 3459 2571 3526 Codi-

213 3571 301 3635 cis
328 3565 563 3644 lectio,
614 3582 781 3649 quse
818 3558 1169 3634 Puteanei5
1224 3557 1549 3625 fuerintne
1596 3583 1678 3627 ex
1732 3560 1880 3626 aliis
1934 3559 2148 3639 ducti,
2206 3582 2289 3626 an
2333 3564 2571 3634 caeteri

212 3691 301 3738 ex
338 3672 455 3738 iis·
502 3687 625 3732 eos
667 3661 883 3728 denuo
930 3679 1338 3747 comparere,
1398 3673 1465 3725 et
1512 3659 1596 3726 de
1637 3661 2016 3749 antiquitate
2065 3659 2325 3730 illorum
2378 3684 2573 3750 quae·
2609 3679 2616 3686 ·

213 3792 389 3849 rere,
429 3786 703 3834 necesse
745 3764 848 3827 sit.
924 3761 1036 3826 Ex
1078 3781 1203 3846 quo
1246 3781 1437 3846 quam
1478 3783 1738 3849 parum,
1782 3764 1978 3827 etiam
2017 3783 2268 3827 summa
2311 3785 2433 3829 sua·
2472 3757 2573 3828 di-

215 3867 511 3958 ligentia‚
576 3865 870 3931 laborem
936 3872 1337 3950 posterorum
1401 3860 1756 3928 sublever-it
1814 3885 2100 3930 summus
2152 3861 2571 3951 Bongarsius‚

223 3993 399 4059 quam
434 3988 667 4059 parum
702 3967 789 4030 iis
828 3962 1252 4042 consuluerit,
1292 3965 1436 4051 quis
1475 3983 1604 4028 non
1651 3963 1875 4030 videt?
1914 3957 2215 4048 Medius»,
2256 3979 2354 4046 et,
2396 3955 2571 4058 quod

226 4073 431 4139 mirari
476 4074 634 4138 satis
692 4090 824 4134 non
878 4086 1178 4154 possum,
1232 4067 1432 4136 etiam
1476 4066 1843 4132 Gronovius
1884 4088 2123 4155 nepos,
2121 4079 2144 4118 ²
2185 4088 2318 4134 nou
2345 4057 2574 4154 solum,

227 4167 359 4238 fere
408 4171 639 4242 eadem
693 4183 959 4257 peccata
1010 4165 1370 4246 admisere,
1437 4167 1580 4232 sed
1617 4166 2136 4240 cumulaverunt
2139 4167 2358 4240 etiam
2400 4164 2573 4242 alnis,
2669 4209 2678 4214 -

227 4267 341 4336 Ille
380 4273 640 4361 quidem
680 4292 811 4336 non
851 4287 999 4336 raro
1040 4281 1347 4364 provocat
1384 4266 1471 4332 ad
1513 4249 1956 4334 auctoritatem
1988 4264 2254 4332 Codicis
2289 4263 2577 4332 Falan-
