2813 4694
371 241 454 313 78
956 235 1559 309 DocToRUM
1631 240 2142 313 HOMINUM

366 420 612 504 tuest-et,
660 422 1087 512 propriasque
1130 424 1726 493 animadversiones
1765 427 2073 510 adderet,
2128 418 2196 495 iu
2235 426 2468 518 quibus
2505 427 2738 495 lectio·-

364 542 483 591 nes
525 527 594 591 in
637 527 864 611 primis
892 522 1198 590 librorum
1230 523 1653 593 Fuldensium
1693 527 1939 609 laudat,
1981 530 2506 620 coniecturaeque
2541 551 2737 619 quas·

364 624 516 692 dam
560 646 691 690 non
736 624 1237 690 contemnendas
1297 628 1618 715 proponit.
1701 627 1805 694 De
1861 629 2011 695 Elia
2049 628 2330 712 Vineto,
2384 629 2737 697 Victorino

362 725 703 814 Strigelio,
742 724 912 790 Dan.
951 724 1188 803 Pereo,
1222 723 1600 849 Theotho
1643 724 2042 815 Gangisero,
2101 732 2209 819 qui
2255 730 2482 796 decem
2518 729 2741 799 libros

358 830 610 918 priores
653 829 822 891 notis
859 812 1239 907 illustravit,⁸
1264 847 1394 892 uon
1431 841 1532 893 est
1575 828 1747 916 quod
1791 828 1898 896 hic
1939 830 2158 897 multis
2199 832 2510 911 dicantus,
2551 833 2738 919 quia,

361 948 669 1033 expresso
711 924 1056 1014 Bongarsii
1098 928 1430 1016 exemplo,
1472 950 1598 994 nou
1646 940 1777 995 tam
1821 929 2125 1010 Critices,
2169 954 2376 1019 quam
2397 931 2740 1012 historiae,

358 1032 675 1097 rationem
709 1025 1077 1093 habendam
1119 1049 1450 1094 censuere.
1534 1028 1668 1094 Sed
1697 1028 2007 1097 Matthias
2031 1029 2466 1098 Berneccerus
2506 1053 2740 1119 quam·

354 1134 547 1220 quam
609 1140 676 1194 et
724 1130 867 1216 ipse
922 1125 1269 1215 Bongarsii
1324 1142 1572 1195 textum
1624 1129 1763 1196 sere
1821 1130 2143 1212 servavit,
2216 1143 2431 1198 tamen
2484 1152 2630 1198 cum
2687 1154 2736 1198 ο

281 1244 327 1309 ,’
356 1235 498 1313 sui,
567 1245 704 1296 tum
762 1252 799 1295 e
860 1229 1334 1310 Freinshemii,
1409 1232 1658 1317 ingenii
1715 1230 2037 1297 thesauris
2090 1229 2291 1295 multa
2344 1231 2734 1317 depromsit,

268 1384 279 1397 ,
352 1356 520 1423 quae
565 1331 650 1397 ad
692 1329 1180 1397 diiudicandum
1233 1330 1579 1424 multqrum
1631 1328 1918 1395 locorum
1971 1328 2312 1394 lectionem
2367 1333 2733 1416 genuinam

350 1432 657 1500 facerent.
738 1430 1001 1498 Adiecit
1056 1433 1251 1495 etiam
1298 1431 1635 1496 verborum
1691 1427 2233 1517 formularumque
2285 1428 2570 1497 iudicem
2614 1454 2731 1498 co-

348 1536 642 1623 piosum,
686 1554 728 1598 a
766 1528 1215 1598 Freinshemio
1258 1530 1651 1608 confectum,
1690 1542 1754 1594 et
1794 1528 1995 1597 libros
2035 1528 2330 1616 singulos
2369 1533 2438 1596 in
2485 1533 2728 1617 capita,

348 1633 637 1722 haecque
680 1634 752 1698 in
793 1633 1111 1697 sectiones
1152 1632 1472 1709 minores,
1515 1628 1891 1716 descripsit:
1945 1650 2112 1717 quse
2155 1630 2508 1718 descriptio
2550 1632 2727 1698 mul·

348 1737 434 1801 tis
474 1736 908 1823 posteriorum
951 1730 1268 1796 editorum
1316 1726 1591 1808 lu'stini,
1641 1741 1714 1794 ut
1755 1729 2075 1812 Graevio,
2129 1729 2428 1812 Vorstio,
2465 1731 2725 1800 *Schef-

270 1842 277 1855 “
324 1836 528 1918 fero,
571 1834 937 1909 Gronovio‚
985 1844 1115 1895 tam
1162 1828 1340 1895 utilis
1376 1828 1765 1911 lectoribus,
1822 1842 1888 1896 et
1932 1844 2060 1897 tam
2104 1846 2507 1919 opportuna,
2567 1835 2724 1901 visa

350 1952 485 2019 est,
540 1951 614 2002 ut
671 1954 818 1999 eam
870 1929 1275 1996 retinendam
1332 1943 1648 2019 putarent.
1750 1930 1906 1997 Post
1965 1931 2466 2014 Berueccerum,
2526 1938 2722 2003 cuiuis

347 2039 551 2105 editio
593 2033 936 2121 aliquoties
983 2032 1303 2119 superiori
1345 2030 1605 2097 saeculo
1645 2030 2060 2119 Argentoreti
2104 2036 2381 2120 repetita
2423 2035 2584 2114 fuit,
2625 2036 2721 2103 de

344 2137 592 2204 Iustino
634 2133 802 2200 bene
845 2133 1059 2196 meriti
1115 2145 1265 2196 sunt
1311 2129 1723 2205 Boxhornius
1747 2134 1812 2218 ¹⁸)
1859 2145 1925 2198 et
1979 2154 2250 2220 magnus
2294 2133 2409 2199 ille
2450 2133 2720 2203 Isaacus

343 2238 644 2308 Vossius.
722 2230 912 2297 Illius
946 2246 1159 2311 notae,
1198 2234 1320 2297 vix
1359 2246 1650 2320 quartum
1690 2236 1883 2299 unius
1911 2232 2215 2320 plagulae
2250 2249 2496 2323 partem
2539 2257 2722 2302 com-

222 2399 231 2416 ,
341 2340 633 2432 pientes,
675 2328 1002 2402 contiueut
1043 2335 1444 2400 coniecturas
1489 2334 1732 2415 varias,
1788 2332 2226 2425 lectionesque
2278 2335 2431 2402 libri
2489 2338 2717 2430 scripti

341 2440 709 2516 Leideusis,
751 2435 835 2502 de
878 2457 1004 2524 quo
1046 2456 1239 2522 supra
1281 2437 1800 2501 memoravimus.
1880 2434 2160 2505 Vossius
2202 2449 2418 2503 autem
2458 2441 2525 2505 iu
2569 2441 2718 2507 suis

343 2540 847 2618 annotamentis,
892 2533 1107 2625 paullo
1150 2534 1560 2602 uberioribus
1601 2534 1756 2618 illis,
1795 2536 2001 2603 multa
2043 2540 2109 2603 iu
2154 2541 2377 2626 primis
2418 2539 2564 2606 loca
2604 2563 2718 2607 re-

340 2643 582 2719 stituit,
627 2640 1018 2727 egregieque
1062 2635 1434 2717 illustravit,
1474 2636 1587 2703 ubi
1630 2636 1714 2703 de
1757 2636 2016 2725 populis
2060 2641 2374 2727 antiquis,
2416 2640 2714 2723 urbibus,

338 2739 613 2831 aliisque
665 2741 737 2806 id
778 2761 986 2827 genus
1021 2735 1252 2819 rebus,
1293 2740 1662 2826 exponitur.
1752 2737 2072 2827 Uterque,
2133 2740 2306 2829 quod
2363 2740 2449 2806 ad
2491 2743 2713 2829 ipsum

335 2857 593 2912 textum
636 2839 865 2907 Iustiui
918 2837 1180 2919 attinet,
1236 2837 1751 2926 Bougarsianum
1805 2839 2181 2927 exemplum
2233 2855 2541 2928 sequutus
2582 2857 2709 2926 est,

334 2958 409 3011 ut
451 2942 693 3009 deinde
735 2939 1020 3026 Thysius
1076 2961 1330 3027 quoque
1392 2955 1456 3006 et
1496 2938 1930 3010 Schrevelius.
2009 2939 2342 3005 Graevius
2381 2963 2581 3022 vero,
2631 2947 2707 3011 iu

296 3065 301 3068 ·
335 3046 521 3113 cuius
561 3041 956 3111 editionibus
994 3040 1332 3106 Breviaria
1378 3043 1658 3129 capitum
1698 3043 1973 3129 primum
2011 3039 2267 3124 reperi,
2321 3059 2453 3105 non
2500 3043 2709 3113 modo

334 3145 650 3213 Iustinum
690 3140 1016 3209 luculento
1058 3139 1535 3208 Commentario
1581 3145 1958 3208 instructum
1998 3141 2244 3219 emisit,
2298 3138 2455 3220 sed,
2507 3161 2709 3229 prae-

334 3259 529 3314 eunte
575 3245 645 3309 in
682 3243 911 3331 primis
962 3242 1250 3309 editione
1293 3241 1587 3325 qutlna,
1643 3244 1784 3321 oni,
1841 3254 1914 3305 ut
1968 3237 2288 3320 vidimus,
2348 3239 2702 3329 plurimum

330 3346 594 3425 tribuit,
636 3342 900 3432 reliquit
938 3365 1138 3431 saepe
1180 3342 1640 3431 Bougarsium:
1691 3361 2004 3428 nusquam
2049 3353 2275 3406 tamen
2328 3354 2571 3411 temere
2628 3360 2698 3414 et

332 3447 476 3515 sine
506 3466 754 3534 caussa.
821 3441 1334 3538 Cdmneutarius
1369 3449 1512 3511 eius
1537 3443 1884 3540 separatim
1917 3427 2157 3529 prodiit
2182 3452 2283 3508 ter
2299 3444 2421 3528 ⁸⁸¹³).
2469 3461 2696 3516 verum

331 3568 502 3620 auno
539 3548 752 3635 primo
792 3545 985 3613 huius
1024 3546 1270 3615 saeculi
1313 3549 1508 3613 etiam
1565 3540 1887 3610 adiunctis
1938 3542 2332 3632 reliquorum
2374 3541 2689 3635 interpre-

333 3781 641 3919 ἰοίην-κω
680 3834 754 3896 ΙΙ.
787 3838 844 3899 1.
876 3837 979 3899 20.
1021 3847 1113 3897 tot
1142 3765 1544 3895 aeaeoelorain:
1589 3832 1728 3891 ibid.
1757 3832 2133 3895 nibilominus
2161 3835 2299 3907 coli,
2335 3835 2692 3900 nesi—m

314 3940 502 4005 posu
540 3920 1351 3981 videri—almane—aeivo
1393 3936 1470 3977 ex
1511 3918 2002 3995 agger-atienae·
2044 3930 2161 3976 etc.

494 4007 550 4082 θ)
592 4003 733 4064 Eius
777 4005 955 4063 editio
993 4005 1178 4077 prims
1221 4002 1368 4058 exiit
1410 3999 1655 4062 Amstel.
1699 3996 2416 4061 A.C10100XXXV111.
2458 4002 2688 4062 duode-

325 4089 450 4148 fils:
487 4090 676 4148 alters
711 4086 785 4147 A.
798 4082 1404 4145 clclocxxxxlv.
1445 4081 1737 4144 Vossius
1764 4084 1951 4168 Lugd.
1971 4086 2038 4146 Β.
2066 4085 2141 4146 A.
2155 4082 2684 4151 clolacxxxx.

322 4173 643 4245 duodenis,
683 4189 759 4228 ex
799 4168 1026 4227 officina
1068 4169 1448 4230 Elsevirisue.

336 4283 347 4294 ·
485 4257 575 4332 0⁴⁸)
621 4251 697 4315 A.
737 4247 1271 4316 CIOIOCLXVIII.
1313 4252 1393 4316 A.
1443 4251 2040 4316 CIOIOCLXXXIII.
2085 4254 2163 4316 A.
2201 4249 2679 4318 clomcxclv.
