2813 4694
274 268 365 339 60
784 257 1092 330 DOCT.
1148 256 1402 329 Hom.
1458 251 2160 326 COMMENTAR.

277 456 527 517 Ovidius
564 453 944 530 Metamorph.
988 451 1104 513 IX.
1148 446 1295 529 148..
1350 492 1359 499 -
1441 482 1444 491 =

368 560 375 571 ·
614 538 876 600 Indulsit
909 540 1113 618 primo
1155 534 1459 606 lactentis,
1499 530 1811 613 flendoque
1854 530 2116 593 dolorem

612 624 863 685 Diffudit
904 619 1248 679 miseranda
1293 633 1481 675 snum.

274 706 511 768 Accedo
564 719 759 768 autem
812 706 901 763 his
920 744 940 775 ,
997 704 1097 777 qui
1148 702 1331 760 verbo
1382 702 1658 771 intendit,
1703 719 1824 760 non
1878 704 2173 773 animun,
2228 702 2317 760 uti
2373 707 2667 781 nonnulli,

274 795 378 855 sed
424 794 683 852 dolorem
736 789 1197 865 subintelligunt.
1292 783 1384 842 lta
1442 786 1751 845 intendere
1793 804 1896 860 pro
1957 786 2212 865 dirigere
2229 826 2248 858 ,
2293 800 2664 865 convertere,

273 878 425 936 dixit
461 876 713 934 lustinus
753 873 852 931 lib.
894 864 1071 929 xxi.
1114 866 1175 930 4.
1265 865 1428 947 Opes
1471 911 1487 926 .
1535 914 1551 929 .
1593 871 1677 928 ad
1732 868 2137 949 occupandam
2195 871 2657 933 dominationem

270 962 544 1020 intendit.
625 958 865 1016 Frustra
908 966 1105 1013 antem
1147 952 1388 1017 verbum
1450 951 1563 1011 hoc
1623 953 1880 1011 deletum
1940 952 2037 1011 hie
2093 954 2327 1013 volebat
2375 955 2660 1017 Pricaeug

276 1047 351 1106 sd
393 1046 563 1120 Apul.
606 1041 842 1100 Metam.
889 1039 964 1098 11.
1005 1056 1137 1118 pag.
1180 1038 1282 1098 39.
1345 1035 1685 1096 Worxms.

442 1162 542 1221 10.
635 1155 850 1216 Crixum
909 1174 988 1216 sn
1047 1170 1392 1219 Auens-rus
1452 1169 1645 1220 usque
1677 1146 2038 1213 'pennum-r.
2158 1154 2392 1231 Optime
2445 1155 2657 1215 Iuntae

256 1246 597 1329 produxit,
656 1252 746 1300 est
798 1234 951 1300 enim
1011 1243 1305 1316 proprium
1363 1238 1609 1298 verbum
1668 1239 1732 1296 in
1789 1237 1897 1297 hac
1952 1257 2036 1295 re.
2142 1237 2356 1298 Caesar
2395 1238 2520 1298 vll.
2581 1242 2655 1300 de

266 1330 431 1389 Bello
476 1326 742 1384 Gallico:
776 1320 955 1383 'Cum
980 1326 1155 1403 fuga
1198 1322 1529 1384 vehementi
1579 1318 1926 1382 Volusenum
1969 1323 2203 1398 longius
2234 1326 2654 1405 produxisset.

267 1412 430 1471 Idem
470 1409 577 1469 111.
625 1406 699 1468 de
762 1409 905 1467 Bell.
967 1405 1135 1466 civit.
1229 1408 1461 1466 Elicuit
1522 1425 1704 1466 naves
1768 1405 2125 1481 Caelianus,
2184 1421 2369 1486 atque
2425 1426 2502 1467 ea·
2555 1409 2651 1468 hie

270 1498 507 1574 longius
544 1496 909 1575 productam
957 1512 1136 1551 unam
1172 1494 1638 1571 quinqueremem
1674 1500 1735 1549 et
1760 1493 2016 1548 minores
2049 1490 2199 1549 duas
2241 1495 2302 1550 in
2346 1497 2653 1570 angustiis

256 1592 484 1663 portus
530 1581 710 1657 cepit.
795 1577 930 1636 Non
979 1577 1167 1651 potuit
1206 1576 1461 1633 inveniri
1510 1593 1632 1632 vox
1687 1577 1890 1648 aptior„
1931 1583 1991 1631 et
2039 1571 2176 1634 huie
2234 1578 2365 1634 loco
2422 1594 2655 1636 accom-

212 1701 234 1714 ·
267 1666 497 1736 datior,
542 1681 714 1740 quam
757 1679 906 1737 quae
948 1662 1011 1717 in
1051 1659 1285 1718 Iuntina
1327 1660 1574 1739 legitur,
1621 1660 1783 1718 cuius
1824 1660 1944 1715 vim
1987 1675 2119 1715 cum
2175 1678 2294 1717 non
2355 1660 2657 1740 intellige-
2699 1653 2716 1667 ⁹

265 1759 400 1808 rent
441 1758 755 1825 sequentes
800 1747 1090 1818 editores,
1132 1745 1191 1801 id
1233 1746 1615 1801 immutarunt
1659 1745 1719 1800 in
1763 1744 1994 1813 notius,
2060 1753 2127 1801 ut
2166 1745 2507 1818 plerumque
2563 1746 2652 1805 fit.

267 1831 788 1909 Interpoiationum
833 1831 989 1888 enim
1030 1830 1338 1904 praecipua
1382 1842 1586 1886 caussa
1640 1828 1971 1904 ignorantia
2028 1830 2254 1901 priscae
2301 1831 2654 1909 elegantiae.

260 1916 420 1977 Hine
464 1918 823 1975 recentiores
866 1923 968 1971 aut
1016 1915 1401 1988 descriptores
1442 1923 1546 1969 aut
1588 1911 1840 1968 editores
1890 1912 2361 1986 exquisitioribus
2423 1926 2483 1971 et
2546 1932 2656 1990 pa-

259 2020 392 2061 rum
437 2002 594 2059 tritis
627 2007 1053 2074 supposuerunt
1085 2000 1416 2078 vulgatiora
1453 1995 1738 2055 vocabula
1780 2000 1842 2052 et
1880 1996 2223 2054 locutiones.
2305 1996 2454 2055 Nam
2495 2000 2660 2074 qued

262 2089 429 2145 aiunt
456 2086 801 2165 producere
842 2102 970 2141 esse
1017 2100 1191 2158 porro
1235 2072 1485 2152 ducere,
1526 2081 1894 2139 verissimum
1937 2089 2047 2136 est.
2129 2085 2220 2139 Au
2259 2099 2403 2139 vero
2443 2085 2539 2158 qui
2581 2084 2652 2141 in

259 2171 525 2230 fraudem
591 2170 850 2244 pellicit,
909 2167 1169 2225 cedendo
1228 2165 1660 2246 fugiendoque,
1729 2163 1914 2221 donec
1981 2167 2286 2239 perveniat
2339 2167 2401 2223 iu
2455 2168 2656 2226 locum

259 2255 359 2313 ubi
403 2254 653 2318 insidiae
694 2262 831 2310 sunt
872 2261 1167 2323 structae,
1212 2269 1288 2309 an
1337 2268 1456 2307 non
1497 2251 1547 2308 is
1588 2256 2037 2323 persequentem
2085 2248 2255 2324 porro
2300 2250 2491 2323 ducit,
2534 2249 2654 2310 hoe

264 2351 374 2413 est,
415 2358 486 2397 eo
524 2338 813 2414 producit,
858 2355 971 2413 quo
1016 2336 1129 2394 scit
1175 2355 1303 2392 esse
1332 2335 1454 2409 ,qui
1495 2322 1556 2391 in
1600 2333 1827 2392 insidiis
1869 2342 2008 2391 sunt
2043 2330 2348 2392 collocati?
2408 2333 2654 2395 (ᾖμεν.

260 2457 342 2468 -
397 2423 678 2484 Testatur
721 2421 1046 2493 Graevius,
1103 2420 1421 2477 editionem
1479 2417 1774 2476 Iuntinam
1833 2416 2048 2475 hahere
2095 2420 2432 2499 produxit:
2489 2421 2690 2494 quod'

259 2508 505 2566 mirifice
548 2518 611 2565 et
651 2506 795 2564 mihi
837 2507 1045 2580 placet.
1145 2503 1302 2562 Sane
1367 2503 1443 2561 ad
1498 2502 1654 2561 huuc
1705 2497 1949 2563 modum
1996 2499 2210 2562 Caesar
2267 2501 2391 2560 Vll.
2445 2504 2517 2561 de
2571 2504 2651 2566 B.

259 2593 413 2651 Gau.
459 2592 606 2650 Cum
620 2592 793 2668 suga
821 2588 1152 2648 vehementi
1198 2586 1546 2646 Volusenum
1576 2588 1811 2666 longius
1829 2587 2247 2668 produxisset.
2289 2586 2514 2647 Vousr.
2557 2621 2659 2633 --

256 2676 461 2736 Mallct
498 2677 596 2733 vir
638 2674 1039 2746 doctissimus,
1082 2683 1315 2731 secutus
1363 2672 1597 2745 luntas,
1657 2674 1856 2751 legere
1900 2674 2217 2752 produxit.
2312 2671 2441 2752 Ego
2498 2672 2661 2732 nihil

256 2772 496 2818 mutem.
582 2757 737 2816 Loca
762 2776 965 2829 ·sane,
1021 2775 1169 2835 quae
1222 2775 1327 2832 pro
1386 2759 1571 2814 altera
1624 2757 1876 2814 lectione
1931 2756 2289 2827 afferuntur,
2353 2756 2466 2815 hue
2523 2776 2658 2816 non

257 2845 563 2924 Quadrant.
664 2841 840 2900 Aliud
900 2844 1053 2899 enim
1098 2843 1439 2920 producere
1501 2841 1775 2918 longius,
1831 2849 1893 2897 et
1952 2840 2109 2897 aliud
2157 2840 2496 2919 perducere
2560 2844 2660 2903 ad

257 2930 511 3007 aliquem
552 2925 761 2985 locum.
842 2925 993 2984 mud
1036 2936 1199 2984 recte
1242 2927 1487 2997 dicitur,
1530 2925 1665 2999 quia
1711 2924 2055 3003 producere
2102 2934 2194 2980 est
2236 2925 2403 2995 quasi
2445 2944 2654 3003 porro

258 3014 492 3071 ducere.
578 3011 658 3070 At
699 3011 751 3067 si
794 3010 1171 3068 adhiberetur
1228 3012 1288 3067 in
1340 3008 1649 3084 posteriori
1707 3024 1955 3086 genere,
2016 3006 2213 3063 sensui
2270 3019 2654 3083 repugnaret.

254 3094 408 3154 Nam
452 3097 553 3171 qui
594 3093 759 3152 ducit
801 3095 876 3153 ad
920 3097 1149 3165 locum,
1190 3095 1240 3152 is
1286 3112 1403 3149 non
1447 3093 1607 3149 ducit
1650 3107 1859 3165 porro,
1919 3091 1969 3147 is
2012 3107 2130 3145 non
2174 3089 2506 3164 producit,
2539 3095 2655 3152 sed

256 3181 540 3255 perducit.
613 3159 879 3238 Sennrr.
947 3211 1028 3223 -
1121 3177 1316 3257 Usque
1359 3194 1479 3234 non
1521 3173 1698 3231 habet
1752 3173 1992 3251 Anglus.
2066 3171 2303 3231 Gnsnv.
2362 3205 2450 3218 -
2531 3175 2650 3236 Ed.

255 3264 427 3322 Rom.
497 3264 583 3321 ad
653 3265 974 3342 angustias
1048 3264 1331 3319 montium
1390 3277 1573 3337 usque
1621 3258 1936 3337 perduxit.
2035 3254 2180 3317 Coll.
2228 3257 2302 3317 N.
2348 3259 2441 3317 ed.
2483 3259 2649 3321 Flor.

253 3347 441 3405 Paris.
501 3347 637 3408 Am.
692 3349 777 3406 ad
835 3364 1018 3424 usque
1080 3346 1442 3421 angustias5
1515 3342 1868 3417 eaedemque
1940 3340 2263 3417 editiones,
2315 3337 2649 3425 produxit.

255 3431 478 3492 Decem
517 3429 693 3490 MSS.
723 3431 1039 3511 perduxit.
1124 3428 1266 3484 Asn.
1314 3425 1599 3484 Gnoxov.

408 3551 527 3612 =11.
576 3549 675 3612 12.
722 3548 820 3608 13.
906 3542 1041 3604 Cum
1082 3559 1220 3602 {rso
1262 3559 1426 3603 aaut:
1467 3558 1859 3602 runcinum.
1959 3542 2030 3602 ΙΝ
2085 3561 2204 3610 Qus
2264 3549 2386 3605 etc.'
2461 3547 2642 3625 Atqui

254 3632 471 3712 Cyrum
514 3653 579 3692 re
662 3650 719 3688 m
772 3632 837 3687 in
886 3630 1014 3687 acie
1073 3637 1342 3702 captum,
1411 3638 1473 3687 et
1532 3629 1694 3685 cruci
1752 3627 2026 3700 affixum,
2086 3630 2289 3689 scribit
2343 3630 2637 3691 Diodorus

250 3714 471 3861 gog}
526 3713 894 3857 Bngsszpiion
936 3711 1153 3785 tradit,
1192 3712 1424 3788 placide
1466 3714 1528 3769 in
1566 3713 1723 3771 lecto
1764 3712 2168 3772 obdormiisse.
2251 3712 2475 3774 Ctesias
2517 3718 2638 3775 alio

421 3901 520 3961 13.
608 3894 800 3955 Sana
842 3913 957 3968 τε,
1000 3911 1230 3962 mqm‘r.
1314 3894 1554 3967 Metuo,
1596 3916 1676 3955 ne
1731 3899 1876 3958 illud
1930 3901 2124 3978 inquit
2187 3899 2286 3961 hie
2344 3901 2641 3968 intrusum

252 3987 333 4043 sit
371 4001 409 4041 a
447 3983 652 4042 sciolo.
723 3979 886 4040 'Nam
928 3999 1079 4058 quae
1119 3980 1265 4038 haee
1308 3982 1587 4065 loquendi
1626 3985 1815 4056 ratio,
1859 3988 2075 4065 regina
2138 3987 2332 4057 iubet,
2393 3988 2590 4064 inquit
2611 3985 2642 4044 ἵ

230 4067 502 4128 debebat
555 4066 764 4124 saltem
826 4066 1158 4125 coniunctio
1207 4066 1613 4140 intercedere,
1658 4068 1818 4125 iubet
1863 4077 1925 4125 et
1981 4069 2195 4146 inquit.
2278 4067 2397 4127 Sed
2463 4080 2525 4126 et
2585 4073 2644 4129 si

252 4153 567 4212 adderetur
605 4167 712 4225 ea,
751 4147 906 4208 haud
949 4150 1263 4227 quadraret
1296 4151 1444 4208 illud
1485 4150 1601 4209 hac
1642 4152 1706 4208 in
1748 4149 1942 4208 verbis
1981 4171 2114 4210 cum
2150 4151 2266 4211 hac
2307 4153 2642 4231 exprobra-

252 4240 432 4296 tione.
522 4234 677 4295 Nam
735 4236 1031 4308 ostendit,
1088 4235 1597 4310 exprobrationem
1655 4235 1870 4293 nudam
1930 4245 2198 4309 oportere
2253 4239 2458 4310 sequi,
2514 4256 2641 4296 non

252 4323 653 4382 narrationem
667 4360 687 4395 ,
725 4320 805 4381 ad
845 4339 1019 4400 quam
1057 4328 1284 4397 spectat
1324 4319 1570 4381 verbum
1611 4320 1822 4398 inquit.
1863 4316 2127 4380 Senm-
2166 4349 2248 4367 -
2298 4319 2457 4380 Cave
2499 4340 2635 4381 eum
