2813 4694
299 207 346 276 6
558 220 563 227 ’
831 196 835 201 ’
891 190 1500 273 Doc‘roRUM
1554 200 2068 273 HOMINUM

304 373 597 476 poetam,
649 382 987 473 ἅνθρωπός
1026 391 1169 473 εἷμα.
1247 387 1457 458 Hom
1511 410 1690 468 rum,-
1747 388 2028 457 lama
2081 386 2451 457 hammus
2470 386 2646 467 fem

305 486 459 554 Non
501 491 797 578 potui-‹in
836 488 1017 557 illius
1058 494 1386 558 mantione
1427 512 1557 559 non
1603 490 1775 559 affici
1815 491 2078 565 dolore3
2119 512 2309 579 quem
2353 488 2491 556 levi
2531 489 2666 555 hoe

307 593 553 679 scripto
588 601 893 656 testatum
934 590 1250 679 relinquo,
1290 594 1499 680 uvqui
1544 615 1650 658 me
1680 612 1935 658 amasse
1960 588 2146 656 illum
2180 593 2410 657 vivum
2431 594 2672 671 sciunt,

308 693 547 758 mortui
570 691 773 780 apud
830 714 939 757 me
992 705 1245 779 gratam
1303 716 1450 763 esse
1524 705 1594 760 et
1645 707 1933 760 sanctam
1989 695 2372 758 memoriam
2425 692 2674 758 intelli-

260 806 485 891 ,gant
568 791 777 879 Spero
834 789 1118 860 lacrimis
1171 796 1341 860 mds
1392 795 1569 882 apud
1624 807 1690 860 te
1741 804 2035 880 paratam
2094 797 2375 858 veniam.
2455 791 2673 880 Igitur

311 915 459 959 cum
526 895 769 960 veteris
838 890 1018 959 illius
1086 893 1476 981 exemplaris
1544 892 1867 961 beneficio
1918 892 2124 959 multa
2175 893 2670 970 emendassem3

309 1014 519 1087 neque
591 1009 805 1058 tamen
879 993 1212 1063 videretur
1283 995 1438 1069 huic
1511 998 1759 1062 auctori
1827 993 2284 1085 perpurgando
2348 992 2669 1075 sufficere,

311 1094 481 1161 duos
522 1097 717 1175 etiam
757 1114 955 1159 manu
1007 1094 1369 1185 descriptos
1424 1095 1630 1163 libros
1667 1098 1891 1184 accepi
1949 1118 1991 1160 a
2031 1094 2106 1161 P.
2143 1093 2425 1161 Daniele
2466 1118 2671 1182 popu-

309 1194 438 1261 lari
481 1216 664 1270 meo;
719 1192 885 1258 duos
947 1193 1192 1262 deinde
1253 1219 1295 1261 a
1335 1197 1444 1262 Fr.
1486 1195 1794 1263 Pithoeo:
1857 1210 1993 1262 tum
2038 1195 2204 1261 duos
2262 1194 2430 1261 alios
2484 1218 2526 1260 a
2565 1192 2671 1261 (Π.

304 1294 400 1362 V.
424 1293 571 1360 lac.
614 1292 884 1360 Cuiacio
945 1293 1209 1363 doctore
1265 1319 1449 1363 meo:
1511 1308 1777 1364 octavus
1842 1299 2124 1383 optimae
2175 1306 2372 1361 notae
2427 1308 2527 1361 est
2567 1295 2673 1362 Cl.

308 1395 587 1463 Puteani
632 1397 758 1461 viri
800 1394 1144 1465 clarissimi
1186 1411 1249 1463 et
1307 1400 1473 1483 regii
1516 1400 1585 1463 in
1634 1396 1879 1483 Senatu
1917 1395 2274 1463 Parisiensi
2315 1396 2674 1463 Senatoris.

312 1498 444 1564 His
505 1518 716 1564 nonus
759 1502 1067 1578 accessit,
1129 1511 1197 1562 et
1253 1497 1515 1563 tandem
1558 1502 1754 1564 etiam
1811 1496 2104 1567 decimus
2144 1496 2218 1563 P.
2256 1496 2516 1563 Pithoei
2556 1497 2676 1563 be-

310 1596 570 1665 neficio.
653 1595 822 1665 Tres
861 1601 1020 1666 item
1060 1597 1362 1685 impressi
1402 1597 1490 1662 ad
1521 1611 1738 1667 vetera
1782 1596 2189 1685 exemplaria
2224 1598 2465 1678 collati,
2505 1620 2679 1667 unus

311 1699 523 1779 Petri,
568 1697 734 1766 alter
776 1700 1108 1767 Francisci
1150 1697 1570 1764 Pithoeorum
1613 1698 1920 1778 fratrum,
1965 1701 2192 1764 tertius
2235 1698 2332 1765 Io.
2368 1698 2678 1779 Pelorini,

317 1799 601 1867 doctoris
643 1803 833 1887 regii.
924 1794 1185 1867 Horum
1236 1820 1634 1875 summorum
1695 1811 1764 1867 et
1807 1797 2328 1867 doctissimorum
2370 1803 2680 1878 virorum,

315 1924 445 1967 non
488 1900 643 1967 libri
683 1914 964 1980 tautum,
1016 1922 1245 1968 verum
1287 1916 1354 1967 et
1395 1900 1713 1966 iudicium
1755 1913 1823 1967 et
1868 1898 2197 1980 doctrina,
2248 1900 2468 1967 multis
2511 1900 2682 1969 locis
2739 1912 2746 1929 ‘

318 2015 640 2069 errantem
685 2000 1078 2082 docuerunt,
1118 2005 1550 2071 haesitantem
1592 1998 2068 2067 confirmarunt.
2149 1998 2302 2067 Non
2346 2015 2445 2069 est
2485 2002 2680 2067 huius

318 2100 480 2182 loci,
518 2105 792 2182 Lector,
852 2123 1079 2171 eorum
1119 2103 1239 2169 tibi
1280 2104 1548 2169 minime
1592 2084 2393 2189 obscuramfliguitatem,
2464 2102 2681 2171 erudi-

321 2206 601 2283 tionem,
644 2201 1112 2273 humanitatem
1168 2202 1583 2291 praedicare:
1644 2202 1764 2268 sed
1825 2202 1990 2268 haec
2032 2215 2096 2267 te
2126 2204 2293 2269 scire
2339 2202 2552 2282 volui,
2603 2216 2684 2268 ut

102 2397 112 2406 Ι
192 2361 205 2370 .
321 2303 756 2392 intelligam,
814 2304 1048 2392 quibus
1105 2307 1264 2372 viris
1323 2294 1518 2369 huius
1586 2306 1867 2372 auctoris
1920 2292 2685 2372 emendatiodebeatur.

320 2404 451 2471 Eat
500 2412 672 2472 enim
726 2404 1101 2491 herimum,
1169 2413 1241 2474 'et
1282 2407 1552 2492 plenum
1612 2411 1889 2490 ingenui
1926 2406 2202 2490 pudoris
2219 2452 2241 2486 ,
2277 2405 2516 2484 fateri
2555 2427 2690 2492 per

314 2527 480 2595 ‘quor
505 2505 900 2593 profeceris.
982 2510 1160 2598 Ergo
1217 2509 1447 2576 decem
1501 2506 1654 2574 illos
1715 2521 1971 2572 veteres
2013 2506 2310 2586 codices,
2370 2520 2435 2573 et
2475 2508 2692 2573 tribus

322 2609 658 2697 impressis
699 2607 1056 2698 adscriptas
1094 2610 1411 2677 lectiones
1454 2631 1598 2674 cum
1639 2605 1923 2694 vulgatis
1982 2605 2379 2675 editionibus
2416 2608 2511 2671 ita
2553 2620 2688 2672 stu-

328 2709 516 2776 diose
562 2723 629 2775 et
668 2708 1019 2797 diligenter
1060 2709 1337 2783 contuli;
1391 2721 1466 2775 ut
1505 2711 1776 2785 ceteris,
1839 2709 1950 2793 qui
1990 2710 2061 2771 in
2107 2706 2232 2800 lioc
2274 2722 2536 2774 auctore
2581 2730 2689 2773 co·

326 2810 668 2876 nubuntur
714 2809 997 2899 aliquid,
1069 2810 1236 2878 nihii
1297 2810 1437 2876 fere
1502 2819 1761 2896 praeter
1831 2806 2231 2870 coniecturas
2290 2808 2523 2894 reliqui
2577 2810 2684 2873 sit.

328 2909 469 2977 Iam
508 2913 578 2977 in
618 2913 762 2998 ipso
806 2915 1087 2979 auctoris
1144 2923 1460 2979 contextu
1510 2911 1608 2972 ita
1663 2903 1973 2992 religiose
2029 2916 2362 2974 versatus
2382 2928 2564 2987 sum,
2616 2922 2694 2972 ut

330 3011 571 3099 ubique
647 3023 941 3077 veterum
1010 3012 1326 3079 librorum
1382 3010 1763 3096 scripturam
1816 3006 1991 3071 bona
2045 3001 2182 3069 fide
2239 3005 2698 3104 exhibuerim3

331 3109 546 3177 nullas
586 3114 851 3178 omnino
893 3114 1293 3178 coniecturas
1347 3108 1761 3186 admiserim3
1825 3104 2141 3172 lectiones
2199 3106 2402 3194 vulgo
2459 3108 2698 3190 editas,

334 3228 559 3282 contra
596 3212 799 3279 libros
841 3233 972 3280 non
1011 3213 1408 3301 receperim,
1459 3211 1590 3276 nisi
1642 3211 1701 3274 si
1755 3206 2015 3296 quando
2055 3209 2127 3272 in
2172 3209 2500 3278 veteribus
2544 3230 2702 3276 sen-

334 3318 543 3383 tentia
585 3336 717 3380 non
760 3313 1129 3391 constabat3
1182 3324 1321 3378 tum
1360 3312 1539 3377 enim
1581 3311 1911 3397 antiquam
1951 3311 2331 3397 scripturam
2370 3311 2540 3376 inter
2580 3331 2703 3374 va-

334 3420 470 3483 rias
510 3416 829 3483 lectiones
860 3415 1089 3495 retuli,
1142 3427 1215 3479 ut
1269 3411 1551 3478 liberum
1605 3423 1780 3476 esset
1831 3425 2022 3480 suum*
2078 3413 2308 3499 cuique
2360 3408 2700 3476 iudicium.

338 3515 680 3595 Quaedam
732 3519 804 3582 in
859 3539 991 3584 uno
1043 3526 1292 3582 tantum
1347 3513 1781 3600 manuscripto
1834 3523 2124 3602 reperta,
2183 3534 2389 3599 eoque
2433 3531 2561 3588 uon
2604 3513 2705 3577 ita

337 3617 586 3707 probo,
625 3616 862 3684 inclusi
898 3617 1023 3683 hac
1061 3628 1217 3682 nota
1258 3611 1294 3704 [
1336 3612 1394 3702 ].
1475 3615 1587 3679 Ex
1641 3614 1809 3679 meis
1863 3623 1935 3678 et
1973 3611 2250 3678 aliorum
2290 3614 2703 3700 paucissimis

437 3963 453 3979 ·
511 3874 539 3957 [
580 3874 609 3955 ]
657 3874 789 3936 Hac
828 3884 970 3934 nota
1010 3873 1075 3934 in
1118 3873 1376 3932 editione
1419 3871 1775 3948 Ainpliuimi
1809 3859 2139 3949 'Bongarsii
2193 3869 2407 3930 inclusi
2463 3881 2603 3929 sunt
2640 3868 2703 3931 hi

341 3966 490 4078 ,θ’θ’
514 4060 560 4124 1,
606 4055 667 4122 4.
713 4061 809 4122 12.
866 4067 935 4117 ut
978 4066 1270 4133 pastorem
1310 4075 1481 4116 uxor
1529 4060 1686 4117 ultro
1725 4064 1994 4140 rogaret,
2053 4052 2200 4133 [quo
2253 4073 2423 4114 suum
2479 4064 2708 4129 partum

344 4167 450 4226 pro
490 4148 593 4206 illo
638 4140 984 4222 exponeret]
1029 4144 1395 4218 permitteret
1439 4140 1610 4221 [quel
1652 4140 1800 4213 sihi,
1840 4141 1970 4201 sive
2007 4140 2282 4200 somnae
2321 4141 2502 4219 ipsius
2518 4179 2539 4212 ‚
2581 4141 2709 4200 sive

345 4234 469 4310 spei
514 4249 657 4292 suae
694 4249 937 4309 puerum
978 4229 1222 4290 nutrire.
