2813 4694
538 160 578 207 ’
640 220 755 292 nv
798 174 1211 293 msa-im
1265 200 1460 293 Lm.
1503 223 1597 291 x.
1657 164 2033 353 crinin.
2381 229 2513 311 473

125 416 398 478 onustum
425 415 659 490 favore
685 418 1125 497 pne-essisset,
1165 415 1319 493 quod
1358 417 1545 497 magis
1582 416 1794 493 placet.
1838 416 2071 481 Vossr.
2124 447 2209 469 —-
2258 416 2512 481 Vinccnss

123 504 294 572 tius,
363 501 677 559 Bccharius
736 511 799 559 et
856 500 1181 587 Gryphium
1264 498 1339 559 In
1398 522 1465 562 eo
1502 523 1662 561 ⁴cum
1721 505 2011 564 adversus
2051 518 2510 584 provocatorem

123 585 400 645 hostium
450 584 816 645 codomanus
892 581 1054 662 [non
1102 584 1550 673 podomannas]
1609 589 1848 663 quidam
1889 609 2034 667 ⁸cum
2093 593 2343 649 omnium
2385 592 2506 664 fa.-

123 689 285 729 vore
327 672 752 747 processisset.
867 667 1362 744 Praepositionem
1434 690 1572 749 cum,
1617 673 1800 749 vulgo
1855 673 2164 744 omittunt,
2218 675 2322 732 sed
2376 677 2504 734 sine

127 771 340 812 causa.
378 751 767 813 Heusmata.
801 784 887 798 —-
931 752 1184 819 Malebat
1237 752 1521 812 Vorstius.
1561 774 1689 812 cum
1742 757 2167 831 antiquioribus
2234 759 2515 818 editioni-

126 834 253 894 bus
309 856 436 894 cum
493 839 747 899 omnium
793 838 1059 910 favore,
1111 848 1287 914 atque
1337 840 1422 896 ita
1477 848 1539 895 et
1594 839 1779 907 nostri
1836 851 2083 918 quatuor
2136 840 2346 915 MSS„
2406 847 2508 919 qui

121 932 342 981 tamen
400 940 527 978 cum
590 923 851 997 superius
908 918 1195 980 nesciunt.
1275 921 1354 980 Et
1412 924 1860 997 transpositione
1912 926 2057 983 satis
2111 926 2331 984 usitata
2389 928 2506 987 dici

118 1005 363 1082 potuit,
408 1006 697 1065 adversus
727 1018 1193 1085 provocatoriam
1231 1003 1489 1065 hostium
1536 1006 1941 1066 codomannus
1984 1010 2224 1085 quidam
2261 1031 2387 1069 cum
2425 1054 2442 1071 .
2476 1052 2506 1073 ·.

101 1090 559 1171 processisset,
596 1107 720 1164 pro,
763 1107 894 1146 eum
933 1089 1209 1147 adversus
1243 1089 1679 1164 provocatorem
1713 1090 1964 1149 hostium
1996 1090 2231 1151 Codom.
2272 1090 2508 1168 quidam

114 1173 535 1252 processisset.
617 1170 764 1230 Vide
807 1173 880 1231 acl
922 1173 1019 1232 lib.
1061 1171 1284 1233 XVIII.
1326 1176 1384 1235 2.
1427 1174 1487 1234 9.
1586 1172 1937 1251 Neutiquam
1990 1195 2166 1248 vero,
2217 1188 2283 1236 ut
2338 1190 2539 1253 puta--
2574 1196 2581 1209 ‘

119 1260 240 1317 bat
302 1257 602 1330 vorstius,
682 1258 1001 1316 ablativum
1070 1259 1247 1317 istum
1321 1259 1573 1319 omnium
1617 1258 1849 1330 favore
1898 1262 2323 1336 praepositione
2377 1284 2506 1322 cum

120 1343 340 1403 fulciri
381 1358 522 1415 opus
565 1351 675 1413 est,
717 1352 786 1398 ut
826 1343 941 1399 iam
985 1343 1208 1401 monuit
1249 1338 1478 1399 Cortius
1522 1342 1596 1399 ad
1622 1341 1859 1399 Sallust.
1890 1341 2015 1421 Ing.
2049 1363 2169 1419 cap.
2201 1342 2407 1415 CXIV.
2446 1350 2506 1409 3.

121 1428 347 1489 Livius
399 1426 553 1501 Epit.
609 1423 834 1485 LXIX.
917 1424 1194 1485 Metellus
1237 1426 1311 1483 ab
1354 1425 1575 1496 exilio,
1602 1426 1852 1503 Ingenti
1889 1430 2074 1485 totius
2118 1430 2317 1491 favore
2360 1434 2509 1490 civi-

118 1513 331 1581 tatis,
371 1511 654 1568 reductus
695 1520 808 1569 est.
893 1508 1051 1569 Idem
1107 1510 1208 1568 lib.
1265 1507 1338 1595 II.
1396 1506 1496 1571 36.
1578 1507 1805 1567 Eadem
1845 1509 1954 1567 illa
1995 1530 2165 1593 qaum
2197 1517 2511 1590 patribus,

118 1597 380 1674 ingenti
428 1596 678 1652 omnium
737 1594 1156 1666 admiratione,
1225 1603 1562 1653 narrasset.
1660 1591 1866 1655 Vellei.
1926 1592 2051 1651 Pat.
2104 1594 2177 1653 11.
2230 1598 2328 1657 79.
2422 1598 2507 1658 Ut

59 1698 274 1742 ..mox
321 1678 490 1747 ludos
535 1680 597 1735 in
641 1677 882 1739 theatro
914 1679 1203 1751 faciens,
1248 1678 1620 1735 execratione
1662 1678 1887 1752 populi,
1944 1681 2284 1755 spectaculo
2326 1684 2505 1757 pelle·
2580 1684 2589 1703 ¹

119 1774 324 1835 retur.
413 1756 618 1819 Cicero
678 1780 780 1837 pro
842 1761 1111 1820 Cluentio
1155 1779 1279 1836 cap.
1326 1757 1386 1822 5.
1470 1758 1655 1821 Nubit
1694 1780 1914 1839 genero
1954 1780 2162 1821 socrus
2207 1806 2223 1822 .
2271 1807 2286 1822 .
2313 1767 2508 1839 fune-

120 1851 251 1907 stis
300 1845 590 1904 oininibus
631 1848 901 1905 omnium.
975 1846 1074 1904 ubi
1130 1848 1327 1905 nescio
1383 1865 1463 1923 an
1519 1849 1769 1904 omnium
1820 1848 2029 1904 merito
2085 1846 2339 1907 deletum
2400 1870 2505 1909 vo·-
2552 1852 2567 1861 ‘

120 1932 315 1994 luerit
362 1928 663 1988 Graevius.
745 1929 1057 2005 Eutropius
1111 1929 1188 1988 H.
1233 1928 1400 1989 Rom.
1460 1924 1616 1986 VIII.
1662 1928 1758 1990 15.
1865 1928 2008 1988 Cum
2067 1934 2242 1991 annis
2289 1934 2507 1993 duede-

122 2021 249 2077 cim
295 2057 311 2073 .
360 2055 374 2071 .
415 2017 774 2094 imperasset
833 2016 1013 2074 tant‘a
1071 2010 1445 2072 execratione
1502 2016 1788 2086 omnium,
1842 2024 1912 2071 at
1970 2025 2080 2072 ete.
2133 2020 2198 2072 et
2239 2004 2374 2091 cap!
2400 2019 2504 2079 22.

118 2098 194 2161 Is
227 2118 410 2179 quum
451 2097 699 2163 Romam
740 2101 973 2178 ingenti
1012 2110 1072 2158 et
1100 2099 1352 2157 militum
1391 2107 1452 2156 et
1481 2109 1727 2157 senatus
1765 2100 2197 2172 exspectatione
2225 2105 2505 2177 venisset,

102 2185 380 2270 probris
422 2199 486 2241 se
515 2184 787 2240 'omnibus
829 2184 1275 2242 contaminavit.
1375 2179 1504 2239 Lib.
1558 2179 1669 2239 lx.
1724 2182 1825 2243 20.
1922 2180 2142 2243 Postea
2203 2183 2515 2258 Carinum,

121 2272 390 2329 omnium
434 2267 568 2326 odio
612 2276 674 2326 et
715 2266 1103 2325 detestatione
1155 2269 1480 2337 viventem,
1535 2266 1701 2343 apud
1712 2260 2018 2343 'Margum
2060 2270 2295 2345 ingenti
2327 2287 2507 2352 proe7

122 2358 209 2416 lio
235 2357 411 2414 vicit.
456 2353 557 2410 lib.
599 2350 684 2411 X.
723 2353 785 2414 3.
876 2350 1001 2423 Qui
1035 2355 1100 2410 in
1148 2350 1371 2408 Galliis
1408 2361 1469 2409 et
1510 2351 1853 2432 militumjet
1885 2353 2348 2430 provincialium
2384 2357 2504 2414 iam

118 2442 337 2501 favore
408 2436 723 2516 regnabat.
845 2435 948 2494 Sic
1008 2437 1147 2494 Aur.
1211 2429 1415 2492 Victor
1473 2430 1700 2492 Caesar.
1758 2451 1883 2509 cap.
1940 2434 2117 2495 XXI.
2160 2438 2230 2496 6.-
2272 2438 2505 2517 aliique.

117 2525 481 2586 Wommns·
522 2550 609 2561 —-
649 2516 725 2578 Ia
783 2541 847 2578 eo
888 2539 1018 2577 cum
1061 2520 1351 2578 adversus
1382 2529 1841 2597 provocatorem
1879 2518 2135 2578 hostium
2182 2520 2508 2582 Godoman-

117 2625 240 2671 nus
284 2605 529 2685 quidam
570 2605 821 2660 omnium
846 2603 1080 2675 favore
1103 2604 1546 2681 processisset,
1582 2601 1753 2676 hoste
1792 2620 1983 2675 caeso,
2022 2606 2336 2668 victoriam
2377 2610 2506 2665 suis

107 2692 379 2776 pariter
425 2698 484 2746 et
526 2688 807 2744 amissam
847 2687 1106 2764 gloriam
1145 2688 1440 2745 restituit.
1523 2684 1693 2744 MSS.
1737 2686 1826 2743 ed.
1853 2686 2134 2765 Bongars.
2178 2691 2239 2746 in
2282 2709 2348 2749 eo
2394 2692 2507 2750 ad-

120 2789 384 2843 versus,
430 2771 643 2828 omissa
684 2765 964 2844 'particula
1005 2787 1153 2828 cum.
1236 2768 1390 2828 Med.
1439 2769 1831 2844 Godomanis,
1876 2781 1935 2828 et
1976 2775 2167 2847 paullo
2209 2782 2339 2847 post
2374 2795 2506 2834 cum

121 2858 387 2920 vetustis
447 2854 575 2911 edd.
637 2853 1021 2912 codomanus.
1110 2852 1297 2912 Per-iz.
1346 2865 1598 2929 utroque
1641 2855 1805 2926 loco,
1867 2854 2261 2918 codonianus.
2347 2856 2505 2918 Dein

121 2942 301 3006 MSS.
346 2939 441 2999 ed.
482 2938 724 3012 Bcchar.
767 2937 922 2996 Med.
964 2938 1247 3018 Bongars.
1292 2939 1532 3016 quidam
1574 2957 1703 2995 cum
1748 2941 1998 2997 omnium
2027 2942 2098 3014 f.
2141 2937 2284 2999 Coll.
2324 2940 2397 2999 N.
2439 2947 2504 3002 in

123 3050 193 3090 ρο
241 3027 384 3090 adv,
420 3039 599 3103 prov.
641 3022 698 3081 Ιι.
747 3021 1152 3080 Codomanmcs
1196 3024 1437 3101 quidam
1477 3041 1605 3080 cum
1650 3042 1703 3079 o.
1750 3023 1818 3096 f.
1868 3027 2208 3102 processit,
2250 3036 2311 3084 et
2349 3025 2405 3084 Ιι.
2449 3049 2500 3088 c.

126 3110 427 3190 quomodo
469 3107 777 3186 legendum
823 3105 1698 3181 suspicabaturfreinshcmius.
1789 3104 2045 3177 Quidam
2085 3108 2253 3166 abest
2292 3107 2362 3166 ab
2408 3112 2501 3169 ed.

122 3195 303 3258 Rom.
350 3193 696 3252 Vincentius
738 3189 840 3248 lib.
883 3188 981 3249 IV.
1043 3209 1167 3264 cap.
1210 3190 1311 3251 90.
1373 3192 1435 3247 in
1477 3208 1587 3267 quo
1628 3189 1775 3249 bello
1817 3191 2107 3250 adversus
2136 3206 2505 3273 procurato-

120 3281 254 3342 rem
294 3278 560 3338 hostiam
605 3274 972 3334 Codomanus
1013 3274 1252 3352 quidam
1291 3293 1423 3330 cum
1450 3292 1500 3331 o.
1528 3273 1598 3345 f.
1637 3276 1962 3352 processit,
1996 3287 2075 3348 et,
2111 3276 2279 3335 hoste
2310 3297 2504 3354 caeso,

118 3366 451 3428 victoriam
500 3362 630 3418 suis
671 3359 946 3418 obtinuit.
1011 3355 1194 3415 Porro
1233 3355 1396 3415 Med.
1433 3355 1598 3414 Bocu.
1641 3354 1784 3415 Con.
1827 3357 1902 3417 N.
1944 3379 2062 3420 sec.
2110 3363 2293 3436 quint.
2337 3362 2500 3422 Leid.

125 3460 191 3509 et
230 3448 378 3508 belli
402 3463 610 3527 prope
650 3445 933 3502 amissam
972 3440 1054 3519 gl.
1099 3462 1155 3499 r.
1234 3441 1380 3499 Ass.
1428 3438 1709 3498 Gsonov.
2318 3435 2325 3448 '

298 3529 363 3594 5.
441 3529 612 3588 Pom·
666 3540 925 3586 mosum
987 3523 1167 3584 Ocm.
1285 3522 1371 3583 Ab
1432 3524 1694 3582 eunucho
1751 3525 1951 3606 Bagoa
2004 3546 2234 3588 veneno
2290 3531 2505 3589 necati.

128 3615 378 3675 Diodor.
435 3610 634 3674 XVII.
694 3608 753 3672 5.
851 3607 1111 3668 Cadaver
1166 3610 1344 3684 ipsius
1400 3608 1628 3688 Bagoas
1690 3609 1900 3668 felibus
1954 3610 2204 3686 obiecit,
2252 3626 2314 3672 et
2371 3634 2504 3673 ossa

130 3702 418 3775 quaedam
463 3699 626 3757 illius
681 3694 1116 3771 exprobrandae
1173 3694 1534 3752 crudelitatis
1588 3711 1763 3766 causa
1819 3700 2109 3756 convertit
2171 3700 2236 3757 in
2300 3718 2505 3772 mapu-

127 3781 260 3840 bria
307 3783 656 3862 gladiorum.
741 3781 965 3838 Aelian.
1005 3775 1102 3835 Vl.
1170 3777 1305 3836 Var.
1347 3775 1503 3835 Hist.
1545 3777 1605 3838 8.
1688 3777 1953 3840 Benna.

301 3864 445 3925 Rex
502 3886 538 3925 s
601 3880 835 3923 Porum
894 3877 1355 3921 comarum-rua.
1442 3860 1846 3922 codomannus
1900 3874 2058 3939 puta.
2140 3865 2507 3925 Praeteritur

133 3956 333 4006 autem
372 3948 523 4010 Ochi
565 3949 722 4008 filius
766 3949 976 4020 Arses,
1016 3948 1115 4023 qui
1181 3957 1241 4004 et
1294 3946 1420 4021 ipse
1477 3947 1830 4020 aliquamdiu
1871 3965 1980 4006 rex
2042 3949 2171 4009 fuit.
2273 3950 2502 4010 Ochum

135 4032 412 4090 nimirum
455 4034 528 4091 ob
585 4033 989 4094 crudelitatem
1043 4030 1270 4110 Bagoas
1325 4049 1555 4089 veneno
1609 4033 1879 4104 sustulit,
1935 4034 2111 4109 inque
2170 4035 2293 4092 eius
2352 4037 2500 4094 solio

135 4115 325 4183 filium
383 4116 570 4176 Arsen
612 4117 944 4176 collocavit:
1021 4115 1196 4173 Arses
1235 4133 1378 4173 vero
1415 4113 1603 4172 tribus
1644 4116 1816 4176 modo
1859 4119 2028 4176 annis
2068 4119 2371 4193 imperium
2413 4130 2505 4178 te-

138 4199 270 4258 nuit
291 4238 312 4271 ,
363 4197 436 4255 ab
498 4200 815 4279 eodemque
865 4200 1067 4279 Bagoa
1117 4217 1235 4257 una
1288 4217 1422 4257 cum
1477 4201 1638 4274 prole
1685 4211 1747 4257 et
1801 4201 1926 4277 ipse
1967 4204 2348 4277 interemptus
2393 4213 2501 4261 cst.

138 4279 401 4358 Cumque
441 4284 530 4341 ita
565 4285 742 4363 stirps
782 4285 948 4365 regia
983 4301 1219 4380 prorsus
1278 4283 1573 4344 exstincta
1623 4293 1816 4361 esset,
1872 4286 1936 4345 in
1994 4285 2298 4366 fastigium
2345 4286 2505 4345 istud

2082 4625 2093 4659 1
