2813 4694
379 247 523 320 220
903 238 1216 309 Doc'r.
1261 237 1516 310 Hom.
1561 235 2264 314 coMM-ENTAR.

1337 479 1605 600 cn».
1672 453 1807 608 ix,

569 684 628 745 1.
712 680 1022 756 Diocans,
1074 695 1272 742 amaa
1330 698 1419 742 nx
1478 700 1676 745 runs.
1759 683 1978 746 Nescio
2032 683 2172 759 quid
2214 683 2441 746 Iustino
2484 688 2777 760 evenerit,

393 779 462 828 ut
517 786 690 843 quem
751 785 950 824 omncs
991 769 1252 825 unanimi
1292 786 1580 826 consensu
1620 763 2016 843 Hipparchum
2060 779 2308 842 vocent,
2349 773 2452 829 inc
2496 771 2773 831 Dioclem

390 855 657 952 apponet.
741 850 947 925 Neque
987 859 1225 924 tamen,
1285 870 1417 909 eum
1458 853 1521 910 iu
1555 870 1622 909 rc
1667 854 1970 910 notissima
2008 853 2230 926 lapsum
2275 872 2446 927 esse,
2498 856 2771 913 credide-

389 939 538 1009 rim,
597 953 729 993 cum
778 937 995 994 nullam
1050 934 1218 993 huius
1273 937 1486 994 erroris
1548 954 1780 995 causam
1836 935 2082 996 videam.
2166 935 2344 994 Voss.
2387 969 2469 986 ψ·-
2544 938 2767 998 Mirum

387 1021 548 1095 quod
602 1019 785 1078 filium
821 1018 1148 1089 Pisistrati,
1208 1021 1305 1096 qui
1346 1029 1478 1093 post
1523 1031 1750 1094 patrem
1794 1019 2160 1098 tyrannidem
2203 1022 2428 1091 tenuit,
2488 1020 2767 1082 Diocle-s

387 1113 594 1164 vocat.
648 1121 760 1160 nec
818 1111 1057 1179 apparet
1110 1119 1255 1178 quos
1310 1113 1547 1161 secutus
1603 1104 1682 1161 sit
1724 1114 2026 1164 auctores.
2124 1101 2458 1162 Herodotus
2509 1123 2655 1163 sane
2700 1116 2767 1163 et

388 1186 763 1265 Thucydides
819 1205 997 1244 unum
1057 1186 1240 1245 filium
1297 1185 1593 1245 Pisistrati
1646 1186 2098 1267 Hipparchum,
2154 1189 2398 1250 alterum
2459 1186 2769 1267 Hippian

383 1282 634 1343 vocant3
695 1269 757 1328 e't
794 1269 1212 1351 Hipparchum
1250 1271 1484 1347 quidem
1526 1273 1720 1345 iilum,
1778 1273 1879 1349 qui
1919 1271 2035 1330 fuit
2078 1272 2436 1330 interfectus.
2520 1270 2770 1331 Videtis

384 1351 750 1412 Herodotum
809 1353 879 1411 V.
934 1367 996 1412 et
1036 1353 1434 1432 'Hiucydidcm
1480 1353 1578 1412 VI.
1657 1354 1881 1413 Voasr.
1920 1385 2008 1399 —-
2050 1353 2278 1415 Nomen
2315 1357 2610 1431 proprium
2653 1355 2771 1415 ah·-

384 1447 477 1496 est
518 1456 555 1497 a
594 1437 718 1496 MS.
760 1434 903 1495 con.
944 1437 1017 1496 N.
1058 1458 1167 1496 nec
1209 1440 1374 1498 male.
1460 1440 1605 1502 Ann-
1650 1438 1935 1497 Gaonov.

553 1517 877 1580 swam-ri
937 1537 1224 1592 maman,
1285 1541 1326 1581 Α
1385 1538 1622 1582 raa-rna
1676 1537 1950 1582 pumma
2005 1537 2450 1582 nnmriciwa.
2548 1521 2767 1582 Frater

381 1607 486 1664 ille
539 1605 654 1664 fuit
698 1603 1084 1676 Harmodius,
1135 1608 1234 1683 qui
1292 1607 1525 1681 quidem
1580 1609 1804 1665 socium
1843 1605 2046 1668 hahuit
2082 1610 2518 1687 Aristogitona,
2567 1618 2634 1664 ut
2682 1625 2763 1665 cx

379 1691 553 1749 nodo
613 1688 785 1747 dictis
841 1689 1175 1748 auctoribus
1233 1701 1491 1766 apparet.
1577 1689 1697 1749 Sed
1754 1710 1872 1750 non
1932 1690 2004 1749 ob
2068 1691 2357 1771 virginem
2413 1701 2762 1767 stupratam,

377 1776 487 1833 aed
542 1776 658 1832 alio
711 1773 882 1832 modo
937 1775 1177 1853 indigne
1234 1794 1362 1834 eain
1418 1773 1709 1846 habitam,
1766 1785 1829 1832 et
1881 1776 2114 1850 quidem
2155 1776 2314 1850 quod
2353 1795 2388 1833 a
2428 1776 2761 1834 ministerio

377 1859 654 1939 gestandi
705 1860 780 1918 in
807 1856 1251 1918 Panathenaicis
1309 1860 1552 1918 canistri
1609 1857 1874 1917 submota
1930 1876 2033 1934 per
2087 1857 2479 1936 Hipparchum
2536 1859 2759 1930 fuerat,

377 1943 645 2021 quodque
713 1944 898 2017 ipsum
964 1945 1212 2022 virginis
1265 1944 1504 2002 fratrem
1560 1940 1940 2001 Harmodium
2001 1942 2362 2018 Hipparchus
2422 1944 2495 2002 de
2548 1954 2758 2017 stupro

373 2029 726 2103 appellarat,
763 2026 1137 2090 intersectum
1181 2025 1335 2085 hunc
1378 2026 1632 2102 prodidit
1678 2025 2051 2104 Thucydides
2092 2026 2188 2085 vl.
2228 2045 2265 2085 a
2305 2042 2421 2102 quo
2466 2045 2574 2084 nec
2619 2027 2763 2085 Ari-

369 2114 617 2169 stoteles
679 2109 969 2185 discrepat
1015 2108 1084 2172 V.
1126 2109 1299 2170 Polit.
1347 2112 1443 2171 10.
1508 2110 1587 2168 At
1626 2108 1797 2168 Plato
1831 2112 1893 2168 in
1937 2109 2265 2187 Hipparcho
2304 2129 2383 2168 ne
2423 2109 2573 2168 hanc
2616 2111 2761 2185 qui-

376 2187 516 2254 dem
565 2211 760 2252 veram
803 2195 1015 2252 caedis
1068 2193 1385 2269 Hipparchi
1444 2211 1675 2251 causam
1729 2195 1912 2254 fuisse
1963 2206 2192 2267 censet3
2249 2195 2511 2269 quamvis
2566 2196 2756 2274 vulgo

369 2298 447 2338 ca
486 2281 704 2337 iactata
744 2278 956 2337 fuerit:
1000 2278 1106 2335 sed
1150 2276 1304 2354 quod
1348 2276 1556 2336 nobilis
1596 2277 1830 2356 quidam
1870 2275 2249 2340 Harmodium
2288 2280 2473 2356 primo
2518 2291 2580 2338 et
2616 2279 2758 2336 Ari·-

373 2368 726 2446 stogitonem
783 2364 1104 2438 sapientiae
1156 2382 1329 2422 causa
1388 2363 1706 2423 admiratus
1765 2373 1943 2441 atque
1998 2370 2256 2422 sectatus
2314 2365 2555 2435 fuisset,
2617 2374 2758 2438 post

279 2486 286 2493 ,
370 2469 512 2507 vero
571 2445 903 2522 Hipparcho
957 2448 1260 2509 familiaris
1319 2449 1509 2507 factus
1570 2448 1803 2511 eosdem
1861 2450 2284 2507 contemsissct.
2360 2446 2633 2506 Ceterum
2673 2448 2756 2506 de

369 2531 690 2609 Hipparchi
745 2532 939 2593 studio
991 2534 1327 2605 literarum,
1381 2531 1572 2606 deque
1634 2549 1834 2589 amore
1888 2534 2012 2590 eius
2051 2534 2113 2589 in
2141 2534 2422 2591 -1itcratos
2463 2533 2646 2588 multa
2684 2533 2757 2589 in

372 2618 576 2676 eodem
635 2615 886 2695 Dialogo
941 2615 1149 2693 Plato,
1201 2633 1279 2675 ex
1340 2633 1528 2691 eoque
1585 2616 1860 2677 Aelianus
1903 2614 2061 2677 VIII.
2110 2614 2247 2675 Var.
2289 2614 2445 2676 Hist,
2485 2617 2543 2677 2.
2586 2633 2757 2674 com-

365 2710 674 2759 memorat.
759 2698 986 2760 Voaszr.
1079 2710 1082 2715 ’

363 2824 384 2833 -
537 2786 599 2845 2.
683 2785 890 2843 Anna
943 2762 1205 2843 Hirmas
1248 2799 1488 2844 nonnam
1531 2798 1654 2844 cun
1693 2800 1995 2843 iuramus:
2034 2801 2173 2844 rar.
2214 2800 2522 2844 τειιιιιιεικ
2606 2781 2753 2842 Non

369 2867 521 2925 male
562 2867 704 2925 haec
749 2879 1076 2947 congruunt
1121 2886 1251 2926 cum
1292 2870 1630 2927 narratione
1671 2866 2065 2947 Thucydidis,
2108 2866 2208 2943 qui
2247 2868 2347 2926 lib.
2390 2868 2487 2925 vl.
2524 2867 2753 2931 diserte

370 2952 572 3024 dicit„
606 2960 725 3010 non
780 2951 1208 3029 Hipparchum,
1263 2962 1331 3035 ut
1383 2956 1648 3029 plerique
1701 2954 2046 3027 opinantur,
2103 2950 2207 3012 sed
2268 2946 2576 3026 Hippiam,
2643 2954 2754 3025 qui

365 3045 511 3095 natu
568 3035 747 3093 fuerit
791 3039 1077 3095 maximus
1117 3036 1270 3094 filius
1309 3036 1643 3108 Pisistrati,
1702 3038 2083 3112 principatum
2124 3037 2417 3093 tenuisse·
2478 3037 2750 3110 itemque

363 3134 501 3178 cum
539 3121 874 3179 narratione
915 3120 1235 3192 Herodoti,
1271 3122 1391 3196 qui
1434 3118 1831 3197 Hipparchum
1870 3120 2158 3179 Pisistrati
2201 3117 2419 3192 filium,
2459 3117 2751 3195 Hippiae-

357 3221 480 3279 .que
521 3205 758 3280 tyranni
799 3205 1036 3264 fratrem
1078 3204 1151 3263 ab
1194 3205 1593 3285 Aristogitone
1634 3215 1696 3263 et
1732 3203 2048 3265 Harmodio
2088 3202 2470 3263 interfectum
2512 3202 2741 3262 scribit.

357 3288 575 3348 :Mirum
618 3298 830 3362 autem,
874 3290 1048 3364 quod,
1089 3307 1219 3347 cum
1258 3309 1379 3349 non
1416 3291 1606 3366 ipsum
1646 3290 1957 3366 tyrannum
1998 3286 2304 3363 Hippiam,
2348 3288 2457 3347 sed
2500 3288 2745 3347 fratrem

365 3375 489 3431 eius
535 3370 927 3446 Hipparchum
969 3373 1329 3452 Aristogiton
1374 3384 1437 3431 et
1475 3372 1827 3433 Harmodius
1868 3372 2336 3444 interfecissent,
2400 3391 2501 3430 eos
2541 3380 2743 3430 tamen

364 3455 625 3516 Athenas
683 3458 993 3532 tyrannide
1047 3456 1301 3516 liberare
1358 3469 1597 3516 conatos
1638 3466 1906 3515 auctores
1943 3455 2245 3537 scribuntj
2307 3455 2569 3530 quodque
2602 3453 2743 3535 refli-

364 3543 491 3620 gies
529 3540 646 3598 iuis
689 3558 905 3600 aeneae
947 3552 1203 3601 statutae
1246 3542 1504 3616 fuerunt,
1546 3558 1695 3619 quae
1737 3541 1815 3598 ad
1856 3550 2120 3615 tempora
2161 3556 2346 3614 usque
2364 3539 2589 3598 Xerxis
2630 3537 2746 3596 du-

357 3644 601 3697 ravere,
656 3643 904 3706 cumque
937 3625 1032 3683 ‘ab
1087 3624 1200 3684 hoc
1260 3627 1322 3684 in
1364 3625 1623 3684 Persiam
1680 3626 2020 3700 deportatae
2068 3625 2351 3694 fuissent,
2404 3640 2442 3678 a
2482 3621 2743 3682 Seleuco

359 3710 594 3768 demum
650 3711 713 3767 in
770 3711 1044 3786 pristinas
1106 3710 1277 3768 sedes
1335 3720 1476 3768 sunt
1529 3719 1879 3785 reportatae.
1965 3708 2131 3767 Inter
2172 3709 2499 3786 fragmenta
2537 3707 2747 3765 Alcaei

363 3803 455 3852 est
510 3794 748 3869 aliquod
802 3812 878 3851 ex
921 3809 1035 3869 quo
1075 3804 1349 3870 apparet,
1404 3804 1765 3869 quantopere
1813 3794 1887 3852 de
1936 3791 2273 3868 Hipparcho
2316 3792 2512 3867 occiso
2556 3790 2749 3850 Athe-

362 3881 596 3938 nienscs
657 3879 940 3957 gratulati
1001 3878 1240 3937 fuerint.
1323 3877 1516 3936 Verba
1573 3877 1717 3937 haec
1776 3887 1950 3950 sunt,
2009 3877 2116 3935 sed
2156 3876 2366 3935 Latine
2405 3893 2608 3936 versa:
2663 3872 2744 3935 Ius

360 3966 543 4040 myrta·
583 3980 750 4020 ramo
792 3960 1062 4040 gladium
1094 3961 1378 4039 gestabo,
1420 3964 1579 4021 sicut
1619 3959 1993 4021 Harmodius
2040 3971 2102 4019 ct
2145 3959 2566 4038 Aristogiton,
2610 3979 2746 4018 cans.

359 4059 677 4124 tyrannam
715 4046 1095 4117 occiderant,
1148 4057 1210 4105 et
1251 4057 1320 4105 at
1355 4043 1625 4104 Athenas
1666 4044 1971 4124 aequabili
2008 4046 2141 4103 iure
2180 4054 2539 4116 uterentur,
2594 4044 2746 4123 effa-

356 4140 586 4189 cerunt.
674 4126 1043 4189 charissime
1079 4127 1397 4203 Harmodi,
1443 4130 1696 4189 nondun
1738 4146 1804 4188 es
1847 4138 2145 4199 mortuus,
2183 4128 2296 4186 aad
2334 4131 2400 4186 in
2434 4128 2749 4187 beator-ua

359 4213 577 4272 insulis
620 4222 681 4271 te
721 4213 893 4271 aiunt
936 4231 1067 4272 esse
1109 4222 1223 4271 etc.
1308 4212 1533 4271 Voltur.

525 4294 586 4358 8.
667 4296 784 4363 Qm
837 4312 961 4357 clm
1019 4313 1140 4356 PER
1195 4310 1532 4357 total-:nra
1589 4308 1881 4354 comaclen
1924 4308 2144 4359 catula
2187 4308 2509 4357 nmmum:
2552 4308 2746 4354 0068-
