2813 4694
628 212 1223 285 PRAEFATT.
1296 211 1417 283 IN
1491 213 1892 286 IUSTIN.
2033 271 2040 276 .
2359 213 2474 289 63·

62 473 73 484 ,
142 403 345 467 entire
380 401 939 489 scriptorem-hac
978 402 1133 468 dote
1174 403 1422 484 ornati,
1471 401 1783 481 edantur,
1837 412 1912 466 ut
1941 400 2310 486 ¹temerariis
2345 397 2462 466 bis'

148 502 555 591 emptoribus
598 499 789 591 copia
823 501 943 586 fiat
984 502 1368 570 aestimandi
1389 549 1410 584 ,
1467 515 1534 568 et
1591 524 1785 570 veras
1840 500 2153 568 lectiones
2208 499 2452 567 discer-

148 599 299 666 mdi.
370 599 599 678 Quare
642 627 867 691 spero,
909 618 975 670 et
1017 626 1180 692 rogo
1225 603 1422 669 simul
1466 616 1534 670 et
1572 604 1863 672 obtestor
1905 623 2152 683 omnes,
2185 606 2296 691 qui
2335 625 2453 669 no-

146 704 211 766 ris
236 701 616 768 editionibus
658 726 887 772 manus
929 718 1079 769 suut
1126 703 1485 784 admoturi,
1539 718 1606 770 et
1644 703 1879 792 quibus
1921 706 2111 790 copia
2151 718 2454 770 exarato-

134 824 235 868 rum
267 825 450 868 nanu
496 804 797 870 codicum
851 803 958 870 vel
995 808 1347 891 priscarum
1386 806 1750 878 ,editionum
1783 807 2103 892 suppetit,
2156 817 2230 870 ut
2283 804 2456 871 hunc

130 900 361 969 mrem
430 906 507 969 in
580 904 909 991 publicum
961 906 1371 998 commodum
1409 908 1820 992 ‘suscipiaut3
1894 916 1961 970 et
2024 927 2116 971 ex
2175 906 2453 994 scriptis,

126 1025 247 1088 qnos
276 1025 462 1069 nemo
508 1026 680 1081 unus
721 1029 839 1092 per
880 1017 1083 1070 totum
1138 1006 1361 1072 orbem
1405 1005 1732 1094 dispersos
1769 1004 2046 1071 lustrare
2085 1005 2332 1093 polest,
2391 1018 2460 1071 et

127 1125 193 1169 ex
224 1105 613 1171 editionibus
652 1109 910 1193 primis,
970 1129 1242 1194 quarum
1295 1106 1495 1172 hodie
1550 1110 1825 1195 pretium
1865 1110 1958 1172 ita
2000 1109 2333 1185 excrevit,
2384 1119 2458 1172 ut

123 1205 378 1287 ceditis,
419 1228 591 1294 quos
632 1229 784 1272 raro
826 1206 976 1273 Dea
1015 1207 1303 1274 Pecunia
1344 1205 1649 1294 benignis
1690 1206 1897 1273 oculis
1939 1210 2239 1295 respicit,
2279 1210 2458 1272 omni

118 1327 299 1372 esrum
340 1310 767 1396 possessione
808 1308 1252 1389 interdicatur,
1295 1305 1609 1394 colligere
1656 1307 1855 1374 velint
1889 1293 2234 1388 variantes,
2272 1322 2472 1396 quot-0·

118 1421 240 1491 quot
276 1406 501 1473 baberi
536 1410 827 1494 possint,
872 1411 1238 1496 scripturas.
1325 1407 1473 1486 Quo
1519 1410 1694 1475 enim
1735 1407 1992 1495 plures,
2045 1411 2297 1495 exigua
2334 1410 2460 1474 bac
2549 1485 2562 1498 ‚

120 1505 309 1588 forma,
353 1522 417 1573 et
448 1512 714 1583 ratione
750 1512 955 1574 curati
986 1508 1198 1575 libelli
1240 1519 1510 1589 exeunt,
1552 1532 1633 1575 eo
1672 1512 1954 1575 maiores
1994 1509 2264 1574 eruditis
2306 1509 2462 1576 sub-

121 1610 425 1674 ninistrari
464 1611 715 1695 copias,
756 1621 822 1673 et
868 1610 1101 1698 ingens
1146 1632 1384 1697 operae
1426 1623 1492 1674 et
1531 1609 1774 1676 laboris
1816 1609 2271 1698 compendium
2308 1608 2460 1677 fieri

120 1709 421 1786 existimo,
464 1708 863 1787 ,cum'domi
902 1723 970 1796 et
1008 1713 1079 1775 in
1122 1732 1348 1776 museo
1387 1708 1933 1798 locupletissimas
1974 1708 2244 1791 Italiae,
2307 1712 2463 1778 Gal-

122 1803 245 1887 liae,
275 1809 558 1898 Angliae
597 1823 667 1890 et
706 1809 980 1876 aliarum
1014 1813 1356 1897 regionum
1385 1809 1932 1877 Bibliothecarum
1976 1811 2134 1898 op'es
2164 1815 2232 1877 in
2270 1834 2462 1880 usum

127 1928 275 1974 num
310 1911 601 1978 reclusas
640 1933 717 1977 se
760 1910 1099 1998 possidere
1140 1923 1424 1978 cernant.
1527 1910 1792 1977 Utinam
1831 1913 1989 1979 mihi
2035 1934 2191 1979 vero
2235 1925 2301 1979 et
2342 1915 2464 1980 otii

125 2007 243 2094 plns
275 2012 544 2092 fuisset,
600 2022 673 2076 et
721 2012 910 2099 copia
948 2015 1157 2078 maior
1198 2011 1496 2079 codicum
1537 2014 1869 2098 utriusque
1909 2015 2200 2099 generis,
2263 2031 2330 2080 et
2369 2017 2464 2081 ita

126 2109 377 2177 absolun
412 2112 580 2178 baec
624 2110 830 2177 editio
854 2111 1227 2199 prodiisset,
1265 2124 1339 2177 ut
1378 2110 1544 2177 nihil
1574 2114 1643 2176 in
1688 2134 1769 2177 ea
1809 2113 2049 2178 eruditi
2084 2113 2465 2185 desiderare
2521 2129 2538 2138 “

131 2215 375 2295 ponent!
427 2213 557 2279 sed
618 2225 688 2277 et
727 2215 1013 2284 muneris
1052 2210 1549 2279 laboriosissimi
1603 2234 1795 2292 cura,
1858 2225 1924 2278 et
1961 2211 2256 2296 labores,
2315 2216 2468 2284 aliis

131 2314 501 2400 scriptoribus
554 2315 839 2397 maioris
867 2312 1059 2380 molis
1102 2327 1167 2380 et
1209 2316 1521 2380 momenti
1562 2311 1804 2393 debiti,
1855 2316 1976 2379 vix
2027 2328 2275 2382 tantum
2317 2317 2469 2382 sub-

128 2417 303 2480 secivi
332 2419 635 2505 temporis
674 2414 1093 2503 reliquerunt,
1127 2428 1202 2480 ut
1233 2437 1325 2481 ex
1353 2412 1840 2503 Bongarsianis,
1877 2412 2232 2492 Modianis‚
2268 2415 2471 2483 Grae-

131 2518 353 2595 vianis,
403 2533 466 2581 et
505 2517 785 2582 aliorum
838 2520 1012 2582 notis
1062 2530 1128 2582 et
1184 2519 1508 2581 variarum
1562 2514 1914 2581 lectionum
1956 2512 2230 2593 libellis,
2286 2515 2468 2611 haec,

140 2636 287 2701 quae
346 2618 525 2683 vides
587 2617 835 2696 lector,
919 2637 1361 2702 excerperem.
1469 2615 1790 2681 “Adhibui
1859 2618 2056 2680 etiam
2121 2613 2469 2703 Anglicam

143 2714 423 2795 nemzi,
459 2721 577 2782 viri
610 2717 827 2784 seduli
870 2716 1222 2783 admodum
1266 2728 1331 2783 et
1367 2714 1719 2811 laboriosi,
1760 2716 2137 2795 editionem,
2177 2732 2241 2783 et
2280 2717 2467 2801 alias,

142 2814 288 2881 oliui
326 2830 388 2883 et
423 2839 613 2905 nuper
643 2832 922 2898 curatas,
960 2839 1397 2905 quaecumque
1443 2817 1640 2883 modo
1688 2815 1933 2904 aliquid
1977 2818 2134 2885 mihi
2176 2820 2470 2889 conferre

131 2939 310 3005 pesse
349 2919 727 2985 viderentur.
824 2916 978 2984 Non
1022 2918 1201 2984 aliud
1246 2941 1402 2985 vero
1447 2931 1708 3006 praeter
1747 2917 2047 2982 codicum
2086 2922 2470 3007 scriptorum
2613 2984 2620 2991 .

131 3033 189 3085 et
221 3022 378 3108 typis
430 3020 751 3087 editorum
789 3023 1138 3109 varietates
1180 3019 1608 3097 exhibemus,
1667 3016 1876 3083 nullas
1917 3040 2076 3085 vero
2116 3019 2474 3102 doctorum,

130 3118 261 3187 licet
327 3120 732 3188 verosimiles
810 3134 924 3185 aut
985 3124 1182 3187 etiam
1235 3132 1478 3199 certas,
1536 3121 1934 3186 coniecturas
1985 3123 2472 3190 immiscuimus.

134 3220 254 3289 Hae
293 3226 499 3305 enim,
555 3225 685 3288 nisi
740 3222 1099 3289 rationibus
1144 3234 1211 3289 et
1251 3219 1578 3308 exemplis
1618 3219 1991 3302 firmentur,
2057 3222 2346 3309 lubricae
2406 3236 2474 3292 et

138 3342 307 3390 vanae
345 3348 549 3413 saepe
590 3323 1193 3411 deprehenduntur,
1230 3322 1514 3412 ideoque
1556 3321 1638 3388 de
1680 3322 1783 3387 his
1824 3322 2246 3390 existimandi
2289 3322 2479 3395 nulla

147 3440 217 3490 ut
247 3432 461 3515 copia,
504 3420 641 3491 nisi
682 3425 765 3491 ad
813 3425 1137 3491 editiones
1176 3426 1460 3489 maiores
1498 3435 1884 3497 recurratur.
2515 3504 2520 3517 Ι

269 3528 390 3593 Hic
414 3527 625 3593 finem
657 3524 1097 3612 praefationis,
1136 3524 1374 3613 longae
1403 3528 1534 3590 iam
1570 3514 1750 3604 satis,
1792 3522 2097 3603 facerem,
2127 3526 2254 3590 nisi
2280 3529 2473 3593 unico

146 3628 395 3715 exemplo
450 3628 768 3694 lectorem
809 3625 1205 3692 monendum
1250 3646 1393 3692 esse
1437 3625 1801 3705 crederem,
1853 3648 2045 3712 quam
2100 3626 2294 3693 facile
2348 3631 2478 3695 viri

151 3723 302 3807 heti,
341 3733 449 3817 qui
499 3729 871 3816 corrigendi
911 3750 1111 3814 saepe
1152 3728 1608 3814 intempestiva
1649 3724 1926 3791 libidine
1968 3723 2289 3809 laborant,
2329 3752 2480 3817 pec-

156 3842 293 3905 eat,
339 3845 401 3894 et
439 3829 733 3897 criticae
772 3834 906 3895 vim
947 3830 1247 3894 inferant.
1326 3827 1403 3892 In
1462 3826 1686 3893 libello
1747 3829 2073 3893 variarum
2130 3827 2481 3896 lectionum

164 3918 445 4016 fingenii
487 3931 584 3997 ad
629 3928 742 3996 lib.
781 3929 900 3994 lv.
938 3937 1001 4000 5.
1042 3929 1126 3994 ad
1170 3928 1333 3995 haec
1373 3929 1605 3994 verba:
1657 3938 2038 4015 reparatum
2080 3929 2350 4006 bellun:
2408 3941 2478 3996 et

169 4036 323 4093 esini
350 4056 391 4097 a
417 4039 681 4120 prioris
706 4031 1034 4109 fortunae
1062 4030 1365 4116 procella
1408 4032 1501 4099 ad
1528 4052 1704 4117 spen
1747 4036 2125 4094 certaminis
2167 4042 2482 4096 revocan-
2535 4058 2545 4069 ·

164 4131 277 4189 tur.
304 4144 577 4201 notatum
626 4145 791 4197 erat:
830 4132 892 4196 Ι.
933 4138 1003 4198 et
1042 4106 1259 4195 M‘SS.
1302 4132 1450 4196 duo.
1491 4141 1561 4195 et
1601 4153 1645 4196 a
1687 4128 2320 4196 nimimSchefferus
2367 4150 2481 4194 vo·

164 4226 413 4300 cabula..
448 4233 635 4303 illud
673 4233 794 4305 duo
833 4233 1104 4303 credens
1148 4254 1294 4299 esse
1322 4254 1432 4315 „ex
1476 4230 1702 4299 codice
1731 4228 1874 4296 MS.
1923 4230 2328 4325 depromtam
2370 4248 2485 4295 va-
