2813 4694
646 226 1351 328 ‘PRAEFAT'L
1380 227 1498 297 IN
1570 230 1966 301 IUSTIN.
2163 164 2174 187 ¹
2321 294 2328 303 .
2465 243 2511 309 5

40 464 43 467 .
158 413 417 478 stetisse
459 434 683 478 eorum
735 411 1284 502 depravationem.
1333 387 1537 485 Nam
1579 432 1645 484 et
1683 399 2076 507 bibliopolas
2111 419 2338 501 nobis,
2392 442 2506 487 ne-

150 508 478 599 gligenter
520 537 562 579 a
599 514 885 581 librariis
932 505 1346 607 transcriptos
1386 519 1611 599 libros,
1650 519 2010 607 reliquisse.
2090 522 2276 587 Haec
2319 524 2504 609 quasi
2557 544 2582 565 ²

146 615 333 680 tabes
378 619 473 680 ita
512 620 855 702 processit,
894 633 966 683 ut
1006 625 1262 707 scriptis
1301 621 1766 713 Aristotelreis
1765 636 2012 686 tantum
2053 644 2182 687 non
2226 626 2504 688 exitium

135 718 457 783 adferret.
545 716 676 795 Qui
719 741 759 783 a
800 716 1446 810 summgl'hilosophi
1496 723 1681 789 libris
1740 742 1971 787 manus
2031 725 2316 810 impuras
2367 720 2526 791 nou'

133 817 628 900 abstinuerant,
689 820 845 907 quid
896 810 1027 887 non
1068 822 1383 903 auderent
1423 810 1504 889 in'
1535 822 1820 889 ceteris}
1903 820 2151 889 Omnes
2190 845 2352 889 sane
2389 825 2500 912 qui

132 917 305 986 lucri
334 919 552 986 'causa
592 921 1051 989 exscribuntur
1088 922 1240 989 libri
1259 970 1280 1003 ,

494 1018 821 1109 sirempse
854 1025 1006 1108 Iege
1042 1032 1237 1091 thesea
1276 1039 1419 1092 esre
1457 1025 1785 1113 Iuppiter.

127 1121 275 1188 Sed
342 1144 433 1187 ne
488 1127 703 1188 omnia
758 1138 1187 1191 correctorum
1245 1126 1477 1192 audaci
1540 1128 1945 1213 ignorantiae
1988 1139 2098 1191 aut
2136 1124 2376 1191 foedae
2418 1076 2498 1191 li-

124 1216 507 1291 brariorum
584 1225 1047 1312 negligentiae
1088 1229 1482 1305 tribuamus3
1557 1228 1852 1294 ve'tustae
1927 1249 2058 1294 nou
2103 1249 2330 1315 pauca
2384 1228 2498 1293 de-

110 1336 421 1410 pravae,
459 1328 667 1393 multa
707 1328 903 1393 tollit.
987 1328 1163 1395 Huic
1202 1331 1431 1395 morbo
1473 1330 1862 1395 medicinam
1905 1343 1975 1394 ut
2017 1329 2367 1406 faciamus,
2423 1331 2493 1393 in

120 1426 233 1491 bis
270 1426 511 1492 saltem
540 1427 933 1509 auctoribuS,
980 1453 1247 1519 quorum
1279 1431 1558 1496 necdum
1592 1429 1936 1516 desperata
1965 1443 2063 1493 est
2104 1428 2302 1508 salus,
2343 1450 2496 1494 con·

123 1504 440 1614 quirendi
482 1541 630 1593 sunt
668 1529 927 1595 meliori
972 1545 1036 1594 et
1073 1531 1478 1630 prudentiori
1520 1529 1782 1598 saeculo
1820 1533 2038 1617 scripti
2078 1529 2266 1595 libri·
2250 1574 2268 1605 ‚
2315 1542 2386 1603 et.
2421 1533 2492 1594 in

123 1627 233 1693 his
272 1628 691 1697 conferendis
724 1644 789 1694 et
816 1633 1263 1719 exprimendis
1306 1653 1434 1697 non
1468 1632 1821 1719 religentes
1860 1631 2094 1710 solum,
2127 1631 2266 1696 sed
2286 1644 2352 1699 et
2387 1652 2492 1696 re·

122 1727 360 1816 ligiosi
393 1752 537 1796 esse
565 1730 901 1811 debemus,
933 1747 1004 1797 ut
1030 1732 1100 1798 id
1128 1756 1491 1823 sequamur,
1534 1733 1706 1821 quod
1739 1732 2286 1820 exemplariorum
2324 1730 2492 1798 mul·

124 1831 399 1895 titudo
381 1854 447 1895 ιιι
477 1830 676 1898 fidem
706 1832 920 1912 trahit,
948 1847 1018 1898 ut
1048 1838 1363 1922 praecipit
1389 1836 1749 1902 Eusebius:
1775 1832 2308 1913 sicubi-haereas,
2339 1856 2489 1920 pru-

125 1928 471 1997 dentiores
507 1933 906 2000 consulendi.
962 1934 1102 2001 Iam
1141 1940 1210 2001 in
1248 1936 1684 2023 imprimendo
1725 1935 2098 2003 adhibenda
2141 1948 2378 2000 exacta
2421 1948 2487 2000 et

124 2048 438 2099 extrema
484 2034 863 2122 diligentia,
905 2058 989 2103 ne
1022 2037 1582 2118 emendationem,
1624 2061 1812 2126 quam
1845 2036 2084 2103 ·titulus
2128 2035 2484 2124 profitetur,
2591 2068 2596 2083 ι

126 2156 293 2222 opus
339 2138 550 2223 ipsum
588 2137 960 2224 redarguat.
1039 2138 1225 2221 Haec
1278 2142 1350 2204 in
1395 2136 1654 2204 edendo
1701 2137 1946 2204 Iustino
1989 2150 2248 2204 secutus
2311 2152 2483 2203 certe

131 2256 305 2312 ιιιιιις
351 2258 437 2301 an
469 2253 821 2318 assecutus,
860 2241 1370 2320 tuum‚·Lect01-,
1404 2241 1724 2308 iudicium
1750 2253 1908 2305 esto.
1953 2239 2126 2304 Usus
2168 2263 2309 2305 sum
2350 2238 2483 2327 p'ri-

126 2355 303 2403 mum
321 2328 587 2406 C'odice
589 2338 905 2406 Om‘ffln
923 2342 1289 2408 Amans-ru
1305 2340 1806 2420 Charantonaei,
1832 2339 2074 2452 nobilis
2106 2341 2482 2406 adolescen-

122 2440 207 2505 tis
243 2456 313 2504 et
344 2440 605 2521 eruditi,
638 2456 705 2507 et
729 2441 935 2529 quod
936 2441 1058 2508 hoc
1084 2443 1347 2510 saeculo
1377 2465 1709 2532 perrarum
1735 2454 1853 2520 est,
1883 2443 2012 2544 pii:
2055 2464 2245 2528 quem
2273 2463 2480 2529 nuper

108 2541 331 2626 ‘impio
373 2540 668 2609 scelerati
708 2542 979 2612 latronis
1013 2547 1302 2612 facinore
1347 2545 1842 2632 interemptum,
1890 2553 2080 2630 prout
2123 2565 2200 2607 ac
2241 2541 2477 2622 debeo,
2534 2630 2542 2638 .

132 2639 374 2705 doleo.
416 2663 681 2709 moveor
718 2646 1160 2713 adolescentia
1216 2647 1479 2733 ipsius3
1523 2665 1793 2711 moveor
1833 2647 2253 2724 necessitate,
2308 2667 2477 2732 quae

131 2740 300 2805 nihi
343 2759 487 2806 cum
530 2745 673 2829 ipso
712 2745 1154 2812 intercedebat
1196 2749 1515 2812 maxima:
1579 2746 2004 2812 obversantur
2061 2744 2263 2811 oculis
2307 2745 2475 2809 cassi

120 2838 392 2907 labores
431 2854 499 2908 et
532 2845 928 2928 infructuosi,
966 2849 1227 2913 iuvenis
1270 2850 1517 2936 optimi,
1562 2861 1627 2912 et
1670 2846 1757 2911 ad
1802 2868 2047 2912 summa
2088 2849 2274 2922 nath.
2309 2867 2476 2934 quae

114 2945 415 3033 profacto
456 2963 912 3015 consecuturus
957 2963 1130 3029 erat,
1194 2951 1254 3014 si
1297 2952 1584 3013 virtutes*
1607 2949 1749 3012 eius
1788 2950 2264 3013 maturuissent.
2345 2944 2475 3011 Ac-

116 3049 295 3114 cedit
350 3047 631 3114 lacrimis
686 3054 885 3136 meis,
950 3072 1159 3140 genus
1213 3052 1433 3136 ipsum
1493 3049 1748 3113 mortis:
1806 3051 2130 3150 quamvis,
2187 3050 2245 3113 si
2303 3046 2475 3112 bene

112 3150 437 3217 miculam
464 3157 708 3238 ροιιιιε,
749 3173 977 3238 parum
1020 3154 1297 3230 intersit,
1338 3147 1567 3214 morbo
1610 3170 1692 3214 an
1736 3149 1932 3230 ferro,
1974 3171 2057 3215 an
2099 3169 2256 3214 vero
2297 3147 2474 3213 mala

112 3257 357 3317 aetate
386 3237 647 3338 peream
713 3265 998 3318 attamen
1055 3255 1265 3317 amico
1333 3271 1535 3338 grave
1598 3264 1737 3332 est,
1807 3252 2159 3318 huminem
2192 3253 2468 3316 amicum

116 3357 327 3440 primo
386 3356 617 3418 aetatis
677 3352 871 3432 fln‘re,
927 3361 1059 3418 non
1115 3355 1185 3416 in
1228 3354 1383 3420 acle
1429 3353 1665 3417 virtute
1722 3352 1968 3433 hostis,
2028 3352 2148 3419 sed
2188 3353 2470 3432 insidiis,

118 3454 349 3520 fraude
388 3453 658 3520 latronis
701 3468 767 3520 et
807 3457 1025 3520 sicarii
1065 3455 1301 3542 perire.
1382 3452 1510 3518 His
1553 3454 1875 3534 moribus,
1919 3453 2024 3518 his
2069 3454 2502 3540 temporibus.

115 3560 251 3620 nati
286 3575 537 3634 sumus,
577 3572 649 3623 ut
695 3560 903 3622 vitam
936 3557 1064 3619 viri
1093 3555 1253 3620 boni
1289 3551 1646 3621 latronibus
1682 3555 2059 3620 debeamus.
2140 3554 2256 3621 Ite
2296 3578 2470 3622 nuno

112 3658 423 3722 mortales
439 3702 459 3735 ,
507 3669 577 3724 et
614 3663 865 3741 magri&
907 3654 1408 3742 cogitationibus
1443 3668 1720 3744 pectora
1760 3656 2078 3741 impleta·
2130 3653 2468 3744 Quidquid

110 3772 208 3826 tot
248 3762 461 3837 annis,
506 3771 601 3825 tot
636 3758 972 3824 laboribus
1017 3755 1480 3837 cumulaveris,
1523 3757 1596 3824 id
1637 3755 1909 3822 horulae
1945 3759 2146 3846 unius,
2182 3778 2469 3823 ιιιιιιιιιιιι-4

112 3873 248 3925 tum
272 3859 596 3926 destruet:
636 3858 730 3927 Id
768 3880 1036 3948 quoque,
1077 3858 1249 3947 quod
1268 3869 1553 3938 tenetur,
1584 3879 1717 3945 per
1753 3877 1980 3925 manus
2021 3864 2189 3924 exit.
2269 3858 2466 3945 Igno·

112 3981 258 4039 sce,
306 3964 582 4042 Lector,
630 3968 896 4048 sapiens
959 3971 1032 4027 et
1080 3959 1305 4026 bonum
1342 3959 1549 4037 ferre
1593 3969 1820 4046 potest
1878 3959 2155 4039 modice,
2221 3970 2290 4025 et
2330 3973 2494 4027 νεα-ι’

115 4062 581 4140 lunser-riter
615 4073 687 4130 et
724 4064 986 4128 leniter.
1068 4059 1371 4128 Hominis
1412 4075 1628 4134 tamen
1675 4072 1812 4139 est,
1869 4062 2064 4125 etiam
2121 4083 2269 4179 nou·
2307 4063 2465 4125 insi-

116 4268 526 4333 comnoveri.
628 4265 721 4333 Τὸ
775 4262 1107 4354 κεφάλαιον
1159 4270 1286 4332 τῶν
1344 4261 1607 4350 λόγων,
1636 4276 1710 4330 ut
1766 4275 1867 4330 est
1913 4261 2087 4350 apud
2129 4261 2464 4372 antiquum
