2813 4694
325 250 412 319 32
748 234 755 243 ’
914 236 1512 310 Doc'roRtJM
1567 204 2094 313 HOMINEM
2203 172 2218 189 ι

325 442 508 511 reut,
560 428 813 496 diutius
860 450 1054 518 quam
1107 426 1566 507 decreveram,
1629 426 1926 492 detinuit.
2023 414 2352 504 Quoniam
2383 444 2555 491 *vero
2599 437 2708 489 tot

325 531 826 602 benevolentiae
868 528 1082 596 officia
1119 524 1409 616 undique
1451 530 1518 592 in
1555 549 1661 592 me
1695 525 1928 593 collata
1955 548 2278 616 agnosco,
2320 526 2705 612 pati-uno

326 632 595 702 infixa
582 635 802 698 animo
843 652 925 697 ea
966 650 1386 708 conservare,
1434 644 1500 695 et
1526 628 1829 694 uberiore
1863 628 2081 714 stylo*
2064 649 2131 692 ιιι
2164 628 2707 714 opportuniorem

327 716 875 803 commemorandi
927 728 1143 795 locutu
1204 733 1477 795 reiicere
1524 728 1896 817 praestabit.
1975 724 2222 816 Itaque
2243 748 2414 793 nuuc
2457 726 2546 792 ad
2589 724 2710 790 lu·

327 841 570 905 stinum
611 845 922 900 revertar·
1002 827 1230 897 Habes
1271 831 1507 921 igitur,
1559 829 1896 895 Benevola
1937 830 2216 908 Lecton
2267 827 2500 895 Iustiui
2539 848 2706 893 cou-

327 940 547 1004 tex'tui
594 935 935 1002 adiunctos
964 931 1253 1017 integros
1282 934 1779 1017 commentarios
1809 930 2119 996 Virorum
2145 930 2539 1007 Doctorum,
2583 928 2703 1016 qui

329 1039 587 1106 duobus
641 1032 1009 1124 praeteritis
1065 1030 1304 1098 seculis
1346 1031 1727 1118 diligentem
1769 1054 2032 1120 operam
2073 1034 2142 1097 in
2183 1029 2498 1097 Iustinum
2543 1048 2706 1093 con·

326 1139 648 1215 tulerunt,
689 1156 961 1222 quorum
1006 1133 1300 1219 ordinem
1345 1132 1589 1197 ducunt
1631 1126 1905 1199 Iacobus
1951 1130 2385 1219 Bougarsius‚
2428 1130 2704 1195 Franci·

327 1262 477 1306 scus
508 1235 814 1315 Medius,
861 1249 931 1301 et
954 1231 1267 1299 Matthias
1298 1231 1784 1316 Berueccerus,
1829 1237 2014 1300 cuius
2053 1246 2277 1312 notas,
2323 1232 2564 1319 quibus
2603 1229 2703 1295 ab

328 1356 536 1408 teram
602 1356 789 1402 suam
858 1330 1243 1417 editionem
1284 1349 1598 1413 auxerat,
1669 1336 1738 1400 iu
1787 1334 1955 1400 hauc
2005 1334 2364 1401 editionem
2419 1332 2697 1398 conieci.
2793 1348 2794 1351 ’

328 1442 531 1509 Hisce
573 1436 889 1503 accedunt
918 1432 1086 1500 Isaci
1116 1432 1381 1514 Vossii,
1425 1449 1490 1500 et
1522 1434 1653 1500 Avi
1693 1437 1824 1501 mei
1850 1430 2079 1514 uotae,
2120 1456 2280 1522 quas
2309 1433 2523 1513 libro,
2567 1453 2696 1520 quo

326 1563 487 1609 usus
528 1539 686 1617 fuit,
742 1536 1102 1624 adscriptas
1145 1532 1438 1620 singulas
1481 1538 1813 1622 excerpsi3
1870 1538 1992 1605 etsi
2034 1534 2346 1623 plurimas
2387 1532 2697 1600 emenda·
2793 1608 2794 1611 Ἴ

326 1645 539 1710 tiones
569 1638 1115 1705 Observationum
1157 1633 1344 1700 libris
1387 1655 1515 1700 nou
1561 1651 1805 1702 tantum
1849 1639 2244 1715 inseruerat,
2286 1635 2406 1701 sed
2449 1650 2518 1701 et
2545 1656 2694 1701 cum

230 1720 239 1737 ’
324 1740 798 1810 laudatissimis
841 1736 1062 1817 Viris,
1098 1736 1418 1815 Graevio,
1458 1727 1709 1818 Fabro,
1749 1736 2053 1816 Vorstio‚
2097 1751 2164 1802 et
2195 1735 2534 1802 Scheffero
2579 1757 2697 1823 per

320 1841 681 1933 epistolas,
752 1838 973 1904 aliave
1031 1840 1321 1918 ratione,
1395 1840 2017 1920 communicaverat,
2076 1860 2346 1927 quorum
2404 1840 2696 1903 omnium

328 1958 524 2012 notae
564 1964 696 2007 uua
736 1962 883 2005 cum
925 1940 1257 2026 excerptis
1294 1937 1821 2005 adnotationibus
1865 1937 1918 2004 1.
1960 1940 2174 2021 Lot-iti
2205 1937 2555 2019 Glareani,
2600 1952 2699 2003 at·

328 2069 455 2136 que
495 2044 788 2109 Editoris
829 2038 1271 2119 oxoniensis,
1330 2061 1383 2102 a
1412 2034 1697 2106 Graevio
1754 2055 1818 2106 et
1861 2039 2195 2107 Scheffero
2251 2043 2324 2107 in
2378 2043 2550 2106 curis
2595 2062 2698 2106 se·
2793 2094 2794 2105 2

330 2145 562 2213 cuudis
600 2145 863 2232 saepius
885 2138 1171 2221 laudati,
1214 2145 1553 2213 contextui
1582 2163 1834 2230 quoque
1867 2141 2246 2209 subiunctae
2275 2153 2443 2207 sunt.
2517 2139 2695 2206 Tum

330 2250 527 2315 etiam
570 2243 655 2311 ad
698 2243 945 2310 calcem
986 2234 1189 2308 huius
1224 2242 1530 2308 editionis
1570 2238 1696 2308 M.
1709 2242 1784 2309 Z.
1813 2241 2182 2309 Boxhoruii
2222 2242 2458 2307 breves
2505 2256 2696 2307 notas

328 2346 581 2415 addidi.
675 2343 794 2412 Isti
850 2346 1051 2432 igitur
1109 2357 1430 2410 tantorum
1469 2342 1778 2410 Virorum
1837 2344 2092 2411 labores
2149 2344 2569 2412 suffecissent
2608 2344 2694 2426 ad

327 2449 522 2516 huius
576 2447 884 2514 editionis
934 2459 1428 2525 ornamentum,
1479 2448 1610 2512 nisi
1664 2460 1731 2511 et
1786 2468 1891 2512 me
1949 2450 2162 2535 ipsum
2203 2445 2291 2510 ad
2332 2445 2694 2531 symbolam

327 2541 810 2625 conferendam,
855 2558 925 2611 et
965 2561 1202 2635 quanto
1249 2567 1449 2634 opere
1489 2568 1596 2613 me
1635 2545 1948 2613 hacteuus
1976 2560 2354 2635 occupasset
2383 2546 2693 2628 Iustinus,

324 2648 587 2740 publice
620 2645 989 2714 testandum
1015 2649 1275 2722 innatus
1306 2670 1465 2734 erga
1491 2635 1741 2714 litteras
1771 2669 1955 2714 amor
1977 2635 2401 2714 invitavisset.
2469 2645 2693 2725 Quare

281 2739 291 2749 ’
324 2748 494 2817 nihil
533 2752 859 2836 antiquius
901 2749 1101 2828 duxi,
1143 2770 1333 2837 quam
1378 2761 1453 2814 ut
1491 2763 1776 2814 mentem
1823 2749 1907 2815 ad
1939 2747 2134 2816 MSS.
2172 2747 2433 2815 codices
2474 2749 2695 2815 confe⁴

326 2849 569 2920 nudos
605 2849 992 2928 adiicerent,
1032 2870 1303 2938 quorum
1345 2851 1599 2937 copiam
1635 2871 1726 2915 ex
1762 2848 2169 2917 Bibliotheca
2209 2847 2694 2938 LugduumBa·

326 2967 485 3019 tava
527 2949 691 3016 mihi
731 2949 1031 3038 praebuit
1068 2950 1438 3016 humanitas
1483 2948 1907 3017 celeberrimi
1935 2948 2124 3032 Viri,
2173 2949 2504 3018 Wolferdi
2532 2952 2695 3020 Seu·

326 3052 629 3141 gue‘rdii,
673 3049 971 3118 eiusdem
1012 3049 1462 3118 Bibliothecae
1490 3048 1833 3118 Praefecti.
1914 3050 2134 3117 Primo
2176 3053 2380 3139 igitur
2418 3066 2693 3140 quatuor

324 3153 522 3221 MSS.
579 3153 673 3219 ex
730 3152 966 3219 eadem
1007 3150 1418 3219 Bibliotheca
1480 3152 1693 3218 evolvi
1714 3198 1738 3233 ‚
1789 3173 2060 3240 quorum
2106 3151 2273 3219 duos
2309 3155 2463 3219 Avo
2507 3167 2694 3222 uteu-

182 3251 203 3280 ¹
329 3256 452 3322 dos
506 3252 666 3320 olim
723 3253 999 3320 dederat
1043 3251 1144 3318 Cl.
1186 3251 1488 3320 Vossius.
1570 3253 1663 3319 Hi
1709 3275 1972 3335 omnes,
2032 3266 2225 3342 atque
2269 3257 2466 3321 etiam
2510 3259 2694 3345 quin·

326 3370 472 3435 tm,
518 3376 712 3444 quem
752 3354 998 3421 Pareus
1040 3354 1398 3435 consuluit,
1455 3355 1932 3421 membranacei
1974 3368 2179 3421 erant.
2259 3356 2530 3423 Praeter
2569 3357 2692 3424 hos

327 3459 526 3526 etiam
569 3453 909 3520 chartaceo
956 3455 1214 3537 codice,
1270 3480 1464 3545 quem
1505 3456 1605 3522 ct.
1645 3455 2029 3521 Perizonius
2072 3457 2290 3524 eidem
2331 3455 2694 3525 Bibliothe-

327 3579 445 3622 cae
482 3549 852 3641 legaverat,
915 3578 1073 3623 usus
1115 3580 1279 3623 sum.
1362 3556 1538 3623 Tum
1582 3579 1837 3645 quoque
1879 3557 2171 3624 Loudini
2211 3559 2541 3639 codicem,
2580 3562 2692 3648 qui

320 3655 775 3738 Bibliothecae
815 3655 1064 3744 Regiae
1130 3672 1307 3738 erat,
1364 3671 1432 3724 et
1471 3656 1781 3725 Oxouiae
1843 3656 2117 3724 alterum
2157 3681 2243 3727 ex
2285 3653 2692 3726 Bibliotheca

326 3756 609 3844 Collegii
640 3752 843 3837 Novi,
886 3753 1348 3847 cantabrigiae
1389 3769 1550 3826 vero
1575 3760 1913 3846 Excerpta
1951 3758 2272 3846 quaedam
2305 3758 2540 3825 Iustini
2571 3782 2691 3827 ex-

326 3861 520 3976 cu'i.
622 3856 891 3926 Trium
927 3863 1194 3947 insuper
1265 3862 1647 3946 scriptorum
1723 3858 2036 3926 librorum
2096 3857 2514 3925 collationem
2569 3882 2687 3947 pro

325 3979 577 4027 summo
635 3963 705 4026 iu
767 3983 872 4027 me
928 3961 1148 4027 studio
1207 3960 1512 4027 exhibuit
1566 3960 1693 4026 Vir
1745 3959 2176 4048 undecunque
2231 3959 2687 4042 Doctissimus,

317 4063 718 4129 Laurentius
759 4060 1146 4128 Theodorus
1170 4061 1596 4142 Gronovius,
1649 4062 1963 4140 Patruus,
2019 4064 2123 4128 cui
2167 4062 2390 4127 omnia
2425 4063 2688 4148 pietatis

325 4164 538 4232 officia
597 4177 744 4252 post
803 4177 1101 4248 parentes
1143 4131 1395 4228 debeo:
1456 4163 1587 4230 duo
1633 4165 1884 4251 priores
1926 4184 2017 4228 ex
2057 4160 2508 4228 Bibliothecae
2547 4161 2692 4229 Me-

324 4268 553 4335 diceae
595 4263 852 4331 scriniis
894 4261 1216 4349 depromti
1257 4276 1476 4342 erant3
1532 4267 1757 4332 tertius
1805 4287 1962 4334 vero
2003 4287 2042 4331 e
2087 4260 2494 4344 Bibliotheca
2533 4261 2690 4330 Illu-

2792 2264 2794 2317 A
