2813 4694
632 294 635 299 «
725 256 833 326 m
872 246 1294 329 ms'rrm
1344 255 1550 326 Lm.
1589 256 1642 326 1.
1700 256 1914 327 cAP.
1957 254 2083 327 1x.
2472 249 2596 337 163

206 453 497 531 fastigio
545 453 813 533 positum
856 456 986 523 est,
1042 450 1256 510 humili
1292 460 1353 510 et
1395 454 1554 510 trita
1596 450 2054 527 consuetudine,
2108 468 2220 532 quo
2274 454 2357 513 sit
2414 473 2588 514 vene-

80 560 99 581 ·
222 537 521 609 rabilia,
563 555 811 596 vacuum
855 553 983 594 esse
1038 537 1326 595 convenit.
1384 534 1486 594 lib.
1528 532 1602 593 ΙΙ.
1660 554 1783 635 cap.
1826 536 1884 596 6.
1970 538 2138 605 Quod
2188 538 2420 612 quidem
2471 537 2586 601 viri

202 622 391 679 slocti
430 640 466 679 a
501 577 741 677 ’Valerio
778 620 842 677 in
885 617 1107 677 Tiberii
1149 620 1434 696 gratiam,
1478 621 1577 694 qui
1615 621 1855 677 minime
1897 620 2092 680 comis
2153 632 2280 680 erat
2329 622 2583 699 Impera-

224 717 356 777 tor,
400 705 679 779 scriptum
721 723 853 761 esse
892 704 1226 762 coniiciunt-
1308 694 1423 760 Hic
1469 723 1657 773 emm,
1700 713 1767 761 ut
1808 703 2012 762 scribit
2051 703 2386 779 Suetonius,
2429 710 2584 766 inte-

222 809 348 868 gra
390 800 595 847 aetate
635 808 710 846 ac
730 774 1106 846 valetudine
1148 807 1179 845 e
1238 787 1426 846 medio
1490 791 1771 858 secessit,
1828 798 1896 844 ιιι
1951 790 2145 847 vitato
2197 783 2585 852 assiduitatis
2689 844 2699 852 .

225 874 429 931 studio
468 875 891 930 auctoritatem
932 872 1207 929 absentia
1262 880 1560 929 tueretur.
1642 869 1740 930 Si
1766 868 2019 929 Livium.
2087 870 2413 931 Continuus
2473 874 2593 933 ade

225 966 469 1035 spectus
522 958 714 1013 minas
766 955 1054 1014 verendos
1103 972 1349 1031 magnos
1397 952 1658 1013 homines
1718 956 1857 1034 ipsa
1903 956 2195 1015 satietate
2229 956 2426 1029 facit.
2480 957 2583 1014 lib.

223 1037 495 1099 XXXV.
545 1056 667 1113 esp.
711 1039 807 1099 10.
890 1036 959 1095 Si
999 1038 1329 1111 Apuleium:
1377 1035 1561 1096 Parit
1599 1040 1970 1097 conversatio
2013 1049 2437 1116 contemptum,
2479 1060 2585 1098 ra-

225 1125 393 1182 ritas
436 1123 717 1181 conciliat
756 1123 1232 1180 admirationem.
1315 1122 1678 1195 Quapropter
1716 1119 2052 1194 Velledam5
2087 1120 2410 1184 fatidicam.
2433 1123 2585 1198 apud

228 1206 590 1278 Germanos,
632 1207 832 1284 regiae
871 1205 1177 1284 dignitatis
1240 1206 1524 1284 virginem
1542 1244 1562 1276 ‚
1617 1222 1818 1262 coram
1870 1207 2042 1264 adire
2096 1205 2431 1284 alloquique
2483 1224 2590 1266 nea

224 1301 457 1369 gataur.
543 1289 921 1348 Arcebantur
960 1291 1249 1365 adspectu
1268 1327 1287 1359 ,
1326 1307 1446 1366 quo
1484 1290 1890 1348 venerationis
1916 1289 2064 1368 plus
2103 1291 2342 1348 inesset.
2419 1287 2588 1348 Peri·

228 1375 353 1432 cles
394 1389 655 1450 quoque,
693 1383 760 1430 ut
802 1371 1007 1431 auctor
1049 1381 1140 1434 est
1178 1370 1551 1443 Plutarchus,
1610 1390 1740 1429 cum
1796 1390 1861 1428 se
1907 1373 1991 1431 ad
2035 1370 2334 1447 Rempubl.
2387 1391 2589 1449 capes-

226 1458 475 1516 sendam
514 1457 896 1531 accinxisset,
942 1476 1018 1515 nc
1058 1456 1238 1513 nimia
1275 1456 1676 1515 familiaritate
1733 1456 1823 1513 sui
1878 1465 2231 1514 contemtum
2273 1457 2588 1516 amicorum

229 1543 448 1599 animis
512 1542 878 1617 propinaret,
934 1542 1202 1599 convivia
1256 1550 1318 1598 et
1370 1558 1604 1598 omnem
1662 1539 1724 1598 id
1778 1557 1965 1621 genus
2020 1542 2350 1597 comitatem
2411 1550 2589 1618 atque

231 1627 574 1684 convictum
602 1626 781 1715 plane
819 1624 1060 1698 vitavit,
1102 1625 1249 1682 adeo
1290 1634 1358 1682 ut
1398 1634 1525 1682 toto
1569 1643 1638 1681 eo
1681 1633 1973 1698 tempore,
2014 1639 2138 1696 quo
2170 1626 2230 1681 in
2266 1621 2410 1698 Rep.
2455 1644 2590 1684 ver-

229 1718 400 1768 satus
445 1718 536 1789 est
574 1707 769 1784 (quod
813 1725 952 1766 sane
994 1711 1231 1787 longum
1267 1709 1414 1784 fuit)
1456 1708 1530 1766 ad
1569 1709 1786 1766 nullius
1825 1710 2139 1766 amicorum
2175 1720 2446 1766 -eoenam
2488 1728 2591 1767 ve-

229 1794 415 1851 uerit.
494 1794 654 1861 Quin
714 1793 885 1849 etiam
938 1794 1194 1864 veritus,
1251 1812 1328 1850 ne
1391 1794 1667 1851 continua
1723 1793 2052 1868 praesentia
2112 1794 2446 1851 satietatem
2500 1794 2593 1850 sui

130 1888 137 1891 ’
236 1860 393 1950 apud
449 1878 716 1951 populum
767 1879 1064 1955 gigneret,
1133 1878 1300 1950 quasi
1367 1892 1473 1951 per
1526 1874 1835 1935 intervalla
1891 1878 1954 1935 in
2013 1878 2353 1935 concionem
2410 1878 2592 1949 venit,

234 1978 362 2019 non
407 1958 479 2017 de
539 1977 873 2038 quacunque
922 1980 986 2018 re
1049 1959 1246 2017 oblata
1300 1962 1623 2018 orationem
1676 1960 1929 2032 habens,
1985 1960 2206 2035 neque
2231 1978 2460 2034 semper
2517 1960 2593 2020 ad

233 2044 669 2102 multitudinem
712 2045 1125 2124 progrediens,
1166 2044 1270 2101 sed
1311 2054 1438 2103 tum
1480 2043 1711 2102 demum
1752 2047 1844 2102 sui
1891 2045 2112 2119 copiam
2150 2044 2408 2118 faciens,
2461 2063 2595 2104 cum

162 2166 181 2181 ,
227 2146 449 2205 magna
489 2131 699 2204 aliqua.
720 2147 817 2187 res
861 2147 1094 2204 operam
1135 2129 1313 2203 ipsius
1354 2129 1719 2203 requireret3
1775 2130 1999 2202 reliqua
2043 2130 2244 2186 amicis
2302 2138 2364 2185 et
2419 2129 2593 2187 sociis

228 2212 561 2270 oratoribus
620 2213 920 2271 submissis
975 2211 1333 2286 expediebat.
1416 2211 1711 2287 Philippus
1756 2209 1829 2270 Il.
1886 2210 2203 2287 Hispaniae
2256 2209 2388 2269 Rex
2436 2221 2595 2287 post-

231 2312 409 2371 quam
453 2307 777 2356 secesserat
817 2298 880 2355 in
923 2293 1152 2356 Curiale
1191 2298 1283 2355 sui
1325 2308 1696 2371 conspectum
1737 2313 2008 2372 perraro,
2058 2316 2170 2355 nec
2224 2306 2443 2354 temere
2485 2296 2596 2357 Hi-

210 2382 442 2455 spauis
502 2380 842 2440 exhibebat:
909 2400 1018 2438 nec
1074 2382 1373 2455 quisquam
1450 2383 1547 2439 vel
1615 2383 2051 2456 potentissimus
2125 2383 2190 2439 in
2261 2381 2598 2455 adspectum

214 2465 691 2538 admittebatur,
733 2467 849 2523 nisi
892 2467 985 2522 eui
1051 2466 1391 2543 longissimo
1449 2475 1709 2542 tempore
1766 2466 2084 2540 postulanti
2149 2465 2210 2522 id
2263 2466 2326 2522 in
2388 2467 2598 2523 summi

230 2550 457 2608 favoris
517 2551 768 2628 gratiam
830 2547 1205 2607 concedebat.
1332 2547 1545 2606 Verum
1620 2551 1914 2609 enimvero
1988 2551 2129 2607 licet
2198 2550 2433 2606 minime
2500 2567 2596 2607 me

230 2634 466 2711 fngiat,
528 2635 710 2691 nimia
766 2633 1165 2691 familiaritate
1239 2634 1648 2692 auctoritatem
1703 2632 1987 2708 Principis
2039 2632 2370 2703 labascere‚
2430 2641 2492 2692 et
2530 2643 2597 2691 ut

229 2716 451 2784 Paulus
505 2716 598 2775 lc.
653 2720 769 2788 ait,
831 2734 907 2773 ex
960 2715 1192 2790 aequali
1250 2720 1693 2777 conversatione
1754 2727 2149 2791 contemptum
2206 2719 2400 2790 nasci,
2480 2734 2594 2792 quo

228 2818 510 2875 peccasse
550 2810 948 2859 memorantur
991 2798 1247 2858 Iulianus
1303 2798 1446 2875 Imp.
1505 2803 1658 2877 apud
1711 2802 2076 2859 Ammianum
2129 2799 2229 2858 lib.
2275 2800 2473 2859 XXV.
2534 2801 2599 2859 ‘et

230 2882 528 2942 Hem-leus
571 2883 674 2943 ΙΙΙ.
721 2884 945 2944 Galliae
986 2882 1119 2942 Rex
1160 2886 1309 2959 apud
1354 2884 1659 2944 Thuanum
1696 2885 1795 2942 lib.
1828 2882 2071 2956 LXVI.‚
2113 2895 2309 2942 tamen
2350 2884 2409 2942 id
2454 2902 2600 2960 quo-

231 2985 355 3044 que
399 2977 517 3025 tam
563 2979 785 3027 certum
829 2978 919 3028 est
963 2985 1132 3044 quam
1178 2969 1331 3047 quod
1370 2971 1791 3042 certissimum,
1846 2970 2086 3027 nimiam
2124 2970 2430 3048 gravitatis
2467 2988 2599 3044 spe-

233 3052 395 3109 eiem
434 3071 552 3109 non
609 3071 743 3112 raro
803 3052 1107 3127 superbiae
1164 3055 1337 3111 titulo
1390 3063 1719 3129 suspectam
1778 3072 1935 3125 esse,
1978 3053 2335 3126 eandemque
2375 3053 2599 3113 animos

230 3134 599 3194 subditorum
677 3154 714 3193 a
767 3136 1039 3212 Principe
1105 3137 1381 3196 facillime
1438 3137 1769 3196 abalienare
1840 3153 2027 3211 posse.
2139 3134 2392 3212 Ideoque
2448 3138 2601 3196 hanc
2627 3125 2642 3138 .

230 3221 651 3279 auctoritatem
692 3219 1055 3278 humanitate
1094 3221 1528 3294 temperandam
1570 3239 1799 3280 censeo.
1896 3220 1963 3279 ld
2006 3222 2160 3295 quod
2201 3224 2438 3301 egregie
2481 3222 2602 3280 eal-
2625 3261 2632 3264 ι

228 3302 420 3363 luisse
459 3303 819 3363 Fridericum
858 3304 1086 3363 Daniae
1124 3303 1381 3383 Regem,
1436 3306 1648 3404 passim
1689 3323 1806 3361 non
1847 3305 1973 3363 sinc
2017 3306 2221 3384 elogiis
2277 3315 2602 3364 memorant

226 3383 540 3448 Historiei.
636 3387 878 3464 Saepius
937 3390 1092 3448 enim
1145 3391 1400 3460 amicos,
1442 3390 1610 3487 quasi
1662 3391 1913 3463 seposita
1969 3387 2150 3467 Regis
2205 3406 2483 3463 persona,
2525 3390 2603 3448 ad

232 3461 395 3530 s'ales
451 3480 513 3529 et
550 3465 711 3530 iocos
769 3483 829 3532 ct
870 3474 932 3530 in
974 3489 1124 3548 quae
1166 3473 1403 3530 liberior
1444 3474 1669 3530 animus
1710 3475 1860 3544 ruit,
1916 3473 2300 3547 provocabat3
2360 3492 2602 3531 monens

230 3556 496 3614 iucunda
536 3566 814 3636 agerent,
857 3566 918 3613 et
958 3559 1205 3631 tempori
1244 3557 1549 3636 genioque
1569 3558 1958 3636 indulgerent,
2004 3552 2315 3615 dum⁸Rex
2339 3557 2601 3632 abesset.

232 3638 557 3714 Postquam
602 3643 744 3698 satis
785 3644 975 3699 lusum
1015 3642 1226 3711 fuerat,
1267 3649 1503 3715 recepta
1538 3643 1828 3719 gravitate
1854 3642 2048 3719 regia:
2088 3638 2250 3699 Heus
2278 3642 2469 3715 amici,
2513 3644 2611 3699 in·-

238 3726 402 3797 quit‚
440 3725 735 3783 mittamus
774 3738 995 3804 nugas3
1036 3742 1172 3782 nam
1213 3723 1343 3781 Rex
1381 3724 1573 3782 r'ediit.
1653 3723 1786 3783 Non
1842 3727 2025 3804 igitur
2082 3725 2354 3782 maiestas
2403 3725 2607 3784 huma-

230 3808 488 3867 nitatem
529 3810 823 3882 excludit,
870 3818 932 3866 et
978 3808 1125 3865 bene
1171 3807 1321 3865 dixit
1361 3807 1636 3867 Nicolaus
1677 3809 1907 3884 quidam
1947 3826 2154 3866 senex
2180 3809 2331 3883 apud
2385 3809 2609 3867 Diodo·
2707 3839 2714 3854 ι

230 3909 373 3950 rum
432 3892 532 3950 lib.
569 3892 737 3952 XIII.
842 3882 1010 3962 Τους
1059 3884 1550 3992 φιλανθρώπους
1604 3884 2064 3975 ἀφηγουμένους
2115 3892 2383 3971 βεβαίως
2444 3888 2609 3970 ἀγα-

231 3976 475 4048 πῶντες
512 3970 604 4038 ἀεὶ
659 3969 1022 4048 συναύξουσι
1081 3994 1196 4055 την
1250 3966 1594 4055 ἠγεμονίαν.
1692 3977 1814 4036 Eos
1870 3978 1975 4055 qni
2024 3996 2152 4034 cam
2207 3973 2610 4036 benevolentia

226 4072 576 4140 praesunt,
629 4061 891 4138 diligunt
940 4058 1237 4136 (subditi)
1301 4071 1363 4119 et
1422 4063 1840 4121 incrementum
1903 4077 2134 4139 semper
2186 4061 2354 4137 capit
2410 4077 2610 4118 eorum

236 4143 587 4202 dominatio.
652 4144 732 4203 Et
773 4146 1067 4220 sapienter
1104 4143 1327 4202 Plinius
1372 4144 1443 4201 ad
1486 4142 1803 4203 Maximum
1844 4144 2076 4217 scripsit
2113 4142 2212 4200 lib.
2237 4140 2394 4200 vul.
2425 4139 2622 4216 Epist:

235 4227 350 4284 ult.
450 4226 615 4286 Male
670 4239 905 4287 terrore
960 4229 1268 4300 veneratio
1328 4230 1706 4306 acquiritur:
1762 4230 2045 4305 longeque
2090 4227 2388 4285 valentior
2445 4241 2615 4282 amor

240 4311 334 4370 ad
374 4310 750 4371 obtinendum
788 4313 947 4391 quod
982 4312 1135 4373 velis
1170 4329 1349 4392 quam
1385 4313 1603 4389 timor,-
1641 4331 1780 4372 naun
1821 4312 2003 4371 timor
2045 4310 2205 4380 abit,
2256 4310 2315 4365 si
2347 4308 2617 4383 recedas,

2010 4408 2113 4478 ,11
2159 4403 2200 4445 ³*
